TransactionID,Salesperson,State,Month,Type,Group,Part,Sales,Margin,Quantity
1,Justinian Granger,,10/2/2020,Type B,Group 2,Part 2,$688792.57,98.15,104
2,Jdavie Harrisson,,2/27/2020,Type B,Group 3,Part 1,$962075.42,99.19,45
3,Alard Stickley,,8/19/2020,Type A,Group 2,Part 2,$2258323.87,23.53,550
4,Freedman Hauxwell,,12/10/2020,Type C,Group 3,Part 2,$2631430.40,31.79,965
5,Nicolis McDonagh,,6/2/2020,Type A,Group 1,Part 2,$7162756.05,67.5,232
6,Ruby Wilkins,,2/3/2020,Type B,Group 3,Part 2,$1969085.79,15.1,958
7,Tally Sherwell,,5/20/2020,Type A,Group 3,Part 1,$7578122.28,9.4,784
8,Sadella Scotting,,3/8/2020,Type B,Group 1,Part 1,$9411039.12,29.81,470
9,Deny Clue,,4/2/2020,Type C,Group 2,Part 2,$8480045.14,7.38,740
10,Ciel Earthfield,,4/1/2020,Type A,Group 3,Part 2,$5367093.53,87.67,82
11,Austine Mardell,,12/21/2020,Type C,Group 3,Part 2,$6457269.46,87.12,444
12,Sandy Evins,,11/24/2020,Type C,Group 3,Part 2,$2663412.79,29.39,100
13,Filbert Livett,Extremadura,7/11/2020,Type C,Group 3,Part 3,$3619757.48,93.08,380
14,Annaliese Corbitt,,5/8/2020,Type A,Group 1,Part 2,$8619201.10,82.91,484
15,Arlinda Buzine,,3/17/2020,Type B,Group 3,Part 2,$1376352.95,99.13,349
16,Lennie Forsdyke,,3/19/2020,Type A,Group 1,Part 2,$3528047.93,52.84,455
17,Marianna Michel,,11/11/2020,Type B,Group 1,Part 1,$4389240.23,52.4,656
18,Jemmy Bettaney,,1/19/2020,Type B,Group 2,Part 1,$2413549.76,87.86,921
19,Sibbie Pieper,,9/1/2020,Type A,Group 2,Part 2,$7135859.62,73.62,666
20,Alan Trice,,2/11/2020,Type A,Group 1,Part 1,$9651575.03,34.9,337
21,Yvonne Roscow,,7/4/2020,Type B,Group 2,Part 1,$4818723.63,8.85,670
22,Allsun Choppin,,1/28/2020,Type B,Group 2,Part 3,$3144828.64,18.77,501
23,Winona Grimston,,7/20/2020,Type C,Group 1,Part 3,$9613745.92,64.04,678
24,Estevan Mustoo,,9/14/2020,Type B,Group 1,Part 1,$5338966.08,8.86,711
25,Ryann Lempke,Terengganu,7/4/2020,Type C,Group 1,Part 3,$4374337.78,23.88,106
26,Rosemarie Cavnor,,11/26/2020,Type B,Group 1,Part 2,$6505142.00,59.81,781
27,Sheridan Duthie,,9/26/2020,Type B,Group 3,Part 3,$1164513.90,80.51,69
28,Seward Rangell,,4/20/2020,Type B,Group 3,Part 3,$7894045.95,42.95,206
29,Bellina Neles,,7/21/2020,Type C,Group 1,Part 2,$8756546.16,97.0,432
30,Marquita Chimienti,Michigan,2/18/2020,Type C,Group 2,Part 2,$7843203.04,64.1,205
31,Giuseppe Keaves,,1/15/2020,Type B,Group 1,Part 3,$8436333.99,71.46,573
32,Jayne Laible,Provence-Alpes-Côte d'Azur,8/2/2020,Type C,Group 3,Part 1,$4142427.30,74.02,632
33,Ethelind Callcott,,12/15/2020,Type C,Group 3,Part 1,$7064404.95,19.46,124
34,Carla Worner,,6/18/2020,Type C,Group 2,Part 2,$4596525.95,61.51,106
35,Mahmoud Sparshott,,6/11/2020,Type A,Group 3,Part 1,$7272514.88,72.19,616
36,Adamo Bendel,,11/10/2020,Type A,Group 3,Part 3,$5166276.04,18.95,605
37,Millicent Finneran,,9/23/2020,Type C,Group 1,Part 1,$8560298.31,68.86,3
38,Bayard Lopez,Ilha de São Miguel,12/27/2020,Type A,Group 3,Part 3,$4369243.26,41.37,870
39,Cherri Seary,Viana do Castelo,11/11/2020,Type B,Group 3,Part 3,$86570.29,35.85,119
40,Corrinne Hards,,5/4/2020,Type C,Group 3,Part 1,$9059866.02,94.45,73
41,Shandie McQuarrie,Québec,2/16/2020,Type A,Group 2,Part 1,$2677791.16,20.04,736
42,Latia Carney,,3/31/2020,Type A,Group 3,Part 3,$6198562.13,65.5,130
43,Brooke Yirrell,,7/5/2020,Type A,Group 2,Part 2,$9625812.11,75.46,866
44,Mose Iddens,,12/7/2020,Type C,Group 2,Part 1,$3543345.93,90.45,644
45,Willabella Persey,,9/21/2020,Type B,Group 1,Part 3,$6452279.07,98.78,189
46,Felita Roglieri,,5/20/2020,Type A,Group 3,Part 2,$253858.52,85.93,423
47,Michale Goose,,6/30/2020,Type B,Group 2,Part 3,$9066800.06,47.47,610
48,Chic O' Quirk,,7/30/2020,Type C,Group 2,Part 2,$6767708.22,4.87,323
49,Ignazio De'Ath,Lorraine,10/4/2020,Type A,Group 1,Part 2,$685277.55,0.2,251
50,Kylie Faye,,7/16/2020,Type C,Group 1,Part 2,$17505.65,32.68,28
51,Eilis Deerr,,3/3/2020,Type B,Group 2,Part 2,$7742603.13,63.55,692
52,Lorianne Filipputti,,10/19/2020,Type C,Group 1,Part 2,$3634846.37,40.11,70
53,Myrta Lindermann,,7/21/2020,Type C,Group 2,Part 1,$1043157.90,69.7,785
54,Reid Matusovsky,Tamaulipas,1/13/2020,Type A,Group 1,Part 1,$7455080.54,23.26,896
55,Gabie Leverton,,11/22/2020,Type A,Group 2,Part 1,$8361165.61,10.37,535
56,Budd Fagan,,4/13/2020,Type A,Group 3,Part 2,$7637037.57,77.13,208
57,Hy Grosvener,Bragança,5/10/2020,Type C,Group 2,Part 2,$5686436.82,22.26,239
58,Etta Bickerstaff,,8/12/2020,Type A,Group 1,Part 2,$209388.45,51.05,407
59,Ayn Lemmers,,3/6/2020,Type A,Group 1,Part 1,$9687925.50,3.46,548
60,Lory Kilmary,,5/24/2020,Type B,Group 1,Part 2,$8045295.31,31.12,473
61,Richy Falla,,6/23/2020,Type B,Group 1,Part 1,$1960154.44,34.65,725
62,Cly Lorrain,,6/28/2020,Type B,Group 1,Part 3,$3986139.71,22.52,485
63,Worthy Ellesmere,Veracruz Llave,5/3/2020,Type A,Group 1,Part 3,$116765.83,46.14,172
64,Lynnett Rein,Södermanland,8/13/2020,Type C,Group 3,Part 1,$4448898.68,95.27,712
65,Francesca Tomowicz,,9/20/2020,Type A,Group 2,Part 2,$6605279.82,14.43,773
66,Monro Thorp,,12/1/2020,Type B,Group 1,Part 1,$4932176.07,65.56,345
67,Noby Brisson,,8/8/2020,Type B,Group 3,Part 1,$1836809.40,86.7,688
68,Maggy Mellanby,,3/23/2020,Type A,Group 2,Part 1,$5274714.90,38.98,603
69,Eddie Malster,,7/28/2020,Type A,Group 3,Part 2,$1496514.68,13.64,90
70,Drucie Stockle,,7/27/2020,Type C,Group 2,Part 3,$7889576.86,14.74,397
71,Bill Croke,,3/13/2020,Type B,Group 2,Part 2,$4724928.80,58.89,974
72,Wolf Ezzell,,10/8/2020,Type A,Group 1,Part 1,$6842061.02,58.8,615
73,Wilfrid Souness,,2/14/2020,Type B,Group 1,Part 2,$8797920.34,99.32,489
74,Nesta Sporgeon,,3/31/2020,Type C,Group 1,Part 2,$9784417.24,90.91,194
75,Loreen Camblin,,3/7/2020,Type A,Group 2,Part 2,$2735758.28,11.92,799
76,Denis Daniels,,3/13/2020,Type C,Group 3,Part 3,$3368773.79,95.3,101
77,Werner Frowen,,2/8/2020,Type C,Group 1,Part 3,$4777812.65,47.3,387
78,Addison Lyfield,,7/31/2020,Type B,Group 3,Part 3,$5256924.28,5.07,240
79,Debera Brickstock,,3/29/2020,Type C,Group 3,Part 2,$7482111.47,12.31,710
80,Annice Goghin,,3/23/2020,Type B,Group 1,Part 1,$8660418.04,47.54,952
81,Abdel Maffy,,2/25/2020,Type C,Group 1,Part 3,$9245298.28,76.99,528
82,Arv Shildrake,,1/2/2020,Type C,Group 1,Part 1,$4351335.80,40.38,11
83,Patrizius Tipton,,12/29/2020,Type B,Group 2,Part 3,$4675677.81,24.03,741
84,Bruis Ollerenshaw,,2/23/2020,Type B,Group 2,Part 1,$6344944.00,91.27,447
85,Gavan Zukerman,,5/17/2020,Type A,Group 3,Part 3,$5369569.83,7.74,663
86,Edik Falcus,Comunidad Valenciana,12/7/2020,Type A,Group 1,Part 3,$9939521.93,90.67,113
87,Randa Rochford,,11/15/2020,Type C,Group 1,Part 3,$9619570.51,4.96,233
88,Drusie Petrecz,,4/12/2020,Type B,Group 1,Part 2,$1170807.36,79.45,639
89,Heddie Early,,9/8/2020,Type B,Group 3,Part 1,$9489001.23,72.59,967
90,Clemmy Hatherley,,5/7/2020,Type C,Group 2,Part 2,$9421074.95,59.55,841
91,Yolane Morston,Braga,10/4/2020,Type C,Group 3,Part 1,$373159.69,23.11,441
92,Jasmina Mangan,Västra Götaland,12/2/2020,Type C,Group 3,Part 2,$8696681.21,71.49,830
93,Lorraine Rushworth,,2/9/2020,Type B,Group 1,Part 1,$9304054.90,78.55,598
94,Oliver Jaggard,Kuala Lumpur,7/21/2020,Type C,Group 3,Part 3,$7632087.99,37.19,34
95,Onofredo Goncaves,Québec,6/11/2020,Type B,Group 1,Part 1,$9508300.02,95.97,312
96,Tobe Taunton,,10/5/2020,Type A,Group 3,Part 2,$3749693.95,30.86,79
97,Lamont Reiners,,6/23/2020,Type B,Group 3,Part 2,$7708906.50,47.37,573
98,Griselda Barefoot,,7/29/2020,Type C,Group 2,Part 3,$4782852.40,43.35,244
99,Kassie Pennigar,Saskatchewan,9/7/2020,Type C,Group 2,Part 1,$8191929.18,32.14,725
100,Hammad Stollwerck,,11/20/2020,Type A,Group 2,Part 3,$7530389.27,49.77,115
101,Enos Harlin,,3/12/2020,Type C,Group 1,Part 2,$6982367.42,59.17,534
102,Agustin Bayfield,Provence-Alpes-Côte d'Azur,6/20/2020,Type A,Group 2,Part 2,$4585140.46,54.4,311
103,Tomas Matteini,,5/4/2020,Type B,Group 1,Part 2,$3237081.49,78.24,598
104,Marianne Spaducci,,3/21/2020,Type A,Group 3,Part 2,$1209439.56,31.32,595
105,Dorothy Abbitt,Stockholm,7/13/2020,Type B,Group 1,Part 1,$3241874.66,95.34,546
106,Dugald Nenci,,6/23/2020,Type B,Group 1,Part 3,$9892903.53,41.82,324
107,Billy Casserly,,8/1/2020,Type A,Group 2,Part 1,$2051260.22,35.24,729
108,Selestina Cheak,,7/19/2020,Type B,Group 1,Part 3,$3381162.77,11.37,919
109,Gregory Sturney,Provence-Alpes-Côte d'Azur,1/13/2020,Type C,Group 1,Part 2,$741279.08,43.5,244
110,Imojean Matterdace,,2/6/2020,Type A,Group 2,Part 3,$1653480.47,17.65,408
111,Darnell Antonnikov,,3/30/2020,Type A,Group 2,Part 1,$8240475.73,29.4,296
112,Zed Genery,,3/12/2020,Type B,Group 1,Part 1,$7368131.50,89.76,430
113,Emelia Plowell,,2/9/2020,Type A,Group 3,Part 1,$8384660.23,2.97,440
114,Arlinda Maling,,5/8/2020,Type B,Group 1,Part 2,$2485108.13,38.01,477
115,Valentino Pladen,Washington,6/18/2020,Type B,Group 1,Part 1,$5391720.09,51.67,606
116,Maude Barrett,,11/27/2020,Type A,Group 2,Part 3,$9117496.89,76.09,741
117,Reed Stebles,,12/28/2020,Type A,Group 3,Part 3,$5796066.74,66.35,856
118,Evangelia Copestake,Alberta,11/7/2020,Type A,Group 3,Part 1,$9339142.35,39.69,984
119,Constanta Klemps,,5/3/2020,Type B,Group 1,Part 3,$5813346.61,36.68,473
120,Kaile Fleckness,,4/9/2020,Type C,Group 3,Part 3,$3639139.33,3.94,144
121,Kayle Villalta,,1/27/2020,Type C,Group 3,Part 2,$1827201.64,30.39,382
122,Mark Jelfs,,12/8/2020,Type C,Group 2,Part 1,$4530527.31,42.91,295
123,Lynne Ayshford,,9/15/2020,Type C,Group 2,Part 2,$7624965.59,57.43,196
124,Rubetta Waddam,,1/13/2020,Type C,Group 1,Part 1,$6456034.04,91.16,664
125,Delmer Cerith,,7/26/2020,Type C,Group 3,Part 3,$7706587.57,27.57,996
126,Riane Woolforde,,10/31/2020,Type C,Group 1,Part 1,$9862651.14,12.29,783
127,Gabrila Clayborn,,2/22/2020,Type C,Group 2,Part 1,$1361424.24,90.09,207
128,Julie Sonnenschein,,4/8/2020,Type A,Group 1,Part 1,$6124538.02,21.15,454
129,Alberik Nelm,,7/19/2020,Type B,Group 2,Part 1,$9698029.23,56.96,544
130,Rivalee Bundy,,8/1/2020,Type C,Group 3,Part 2,$3147336.17,36.59,597
131,Scot Excell,,5/10/2020,Type A,Group 2,Part 3,$9268301.28,11.32,959
132,Tabby Prestland,England,11/1/2020,Type A,Group 3,Part 1,$6336812.60,11.21,977
133,Lira Danielian,,10/21/2020,Type C,Group 2,Part 1,$4898411.47,44.39,728
134,Binnie Cubuzzi,,12/13/2020,Type B,Group 1,Part 1,$5904697.45,83.65,339
135,Brenna Dorwood,,4/26/2020,Type A,Group 1,Part 2,$8811057.85,47.65,350
136,Brander Domingues,,5/22/2020,Type C,Group 2,Part 1,$8030279.02,10.84,79
137,Madlen Sisneros,,2/27/2020,Type C,Group 3,Part 3,$55093.07,41.96,45
138,Jacquette Cawthorne,,10/1/2020,Type B,Group 2,Part 1,$6555352.17,38.8,788
139,Fonz Scholig,,7/18/2020,Type C,Group 1,Part 2,$7499987.68,96.15,375
140,Lou Featherbie,,9/26/2020,Type C,Group 1,Part 1,$4754842.70,9.85,54
141,Ezekiel Blunn,,5/8/2020,Type C,Group 3,Part 2,$4729098.48,63.1,700
142,Verene MacGaughie,,3/14/2020,Type C,Group 2,Part 2,$6559143.51,81.85,907
143,Ardra Edge,,3/11/2020,Type C,Group 3,Part 2,$6741984.91,49.73,997
144,Ancell Brammall,Île-de-France,3/12/2020,Type B,Group 3,Part 2,$9979068.01,60.85,915
145,Lucille Rosenblath,,2/5/2020,Type B,Group 2,Part 1,$7266124.17,34.75,681
146,Coreen Boatman,,9/23/2020,Type A,Group 3,Part 3,$5119024.05,31.29,473
147,Andrej Woodington,,6/29/2020,Type A,Group 1,Part 1,$6279358.90,73.01,940
148,Garrick Terrett,,7/10/2020,Type B,Group 2,Part 3,$5342600.13,89.0,82
149,Chantalle Crouse,Santarém,2/1/2020,Type C,Group 3,Part 3,$3779975.91,16.85,263
150,Kyla Cowope,,2/14/2020,Type B,Group 3,Part 1,$3011821.29,59.75,846
151,Ezekiel Leyborne,,1/4/2020,Type A,Group 3,Part 2,$495936.83,5.76,822
152,Theadora Eastop,,12/26/2020,Type A,Group 3,Part 2,$8198010.12,42.9,390
153,Bernadine Le Barre,,3/31/2020,Type C,Group 3,Part 3,$6859077.88,87.19,637
154,Nerti Haney`,Rogaland,7/16/2020,Type C,Group 3,Part 3,$5031951.44,28.42,885
155,Marguerite Pote,,6/8/2020,Type B,Group 3,Part 2,$7946570.05,0.04,128
156,Court Grenville,,8/24/2020,Type C,Group 3,Part 2,$8113615.44,62.13,192
157,Malva McNeish,,1/22/2020,Type A,Group 2,Part 1,$92753.38,52.83,96
158,Cece Gontier,,9/28/2020,Type B,Group 3,Part 1,$8659555.68,22.68,571
159,Kellby Derisly,,5/30/2020,Type C,Group 3,Part 2,$3805845.16,63.05,739
160,Agna Clifforth,,5/3/2020,Type C,Group 3,Part 2,$887763.71,23.74,423
161,Giustina Challenor,,11/25/2020,Type C,Group 3,Part 2,$2703572.21,45.04,850
162,Georgeanna Aronowicz,,8/8/2020,Type C,Group 1,Part 2,$118968.24,94.95,398
163,Wynn Aldous,,2/5/2020,Type B,Group 2,Part 3,$6815655.49,0.48,409
164,Eunice Fisby,,8/2/2020,Type A,Group 2,Part 2,$2359698.07,30.74,514
165,Caldwell Hayworth,,6/20/2020,Type B,Group 2,Part 3,$200288.74,32.21,184
166,Clara Avramovich,,10/11/2020,Type B,Group 1,Part 1,$8667861.47,36.41,995
167,Leah Lisimore,Braga,5/18/2020,Type B,Group 1,Part 1,$8024077.77,41.52,940
168,Olivia Pitblado,Provence-Alpes-Côte d'Azur,10/20/2020,Type B,Group 1,Part 2,$9593244.21,2.33,655
169,Mikkel Gobourn,,9/14/2020,Type C,Group 3,Part 2,$9478491.71,74.21,49
170,Alfons Kornyakov,,5/22/2020,Type B,Group 1,Part 1,$588282.81,12.97,833
171,Chucho Bolstridge,,11/8/2020,Type B,Group 2,Part 2,$5343179.65,51.35,740
172,Clemmy McDonagh,,12/11/2020,Type C,Group 3,Part 3,$470653.53,89.54,45
173,Gustaf Dellit,,11/19/2020,Type B,Group 2,Part 1,$8122361.48,10.13,511
174,Ernestus Margetson,,2/23/2020,Type A,Group 3,Part 2,$7820392.30,73.61,458
175,Lucia Deetlefs,,7/4/2020,Type A,Group 2,Part 2,$7767365.14,52.68,263
176,Brody Geffe,,10/10/2020,Type C,Group 1,Part 1,$4863146.26,44.17,112
177,Irv Whitington,,2/15/2020,Type B,Group 1,Part 2,$7834817.57,23.49,231
178,Waneta Tasseler,,7/13/2020,Type B,Group 3,Part 3,$8333419.58,38.71,947
179,Aubrette Chazerand,,12/25/2020,Type B,Group 3,Part 2,$9634292.00,27.4,255
180,Matthaeus Minihan,,8/18/2020,Type A,Group 1,Part 1,$966639.12,98.96,439
181,Daile Dumphries,,4/9/2020,Type C,Group 2,Part 1,$6133142.10,38.56,450
182,Abbey Sent,,6/16/2020,Type A,Group 2,Part 3,$9550374.03,60.7,710
183,Niven Buston,,11/28/2020,Type C,Group 1,Part 3,$2390580.06,46.54,594
184,Catharina Rakes,New South Wales,6/20/2020,Type B,Group 1,Part 2,$3695975.61,48.1,50
185,Toby Click,,11/30/2020,Type B,Group 1,Part 1,$1397481.82,20.65,740
186,Kellyann Caslett,,8/25/2020,Type A,Group 1,Part 3,$2313201.67,15.07,113
187,Hally Greim,,2/3/2020,Type C,Group 1,Part 2,$3744449.19,91.06,329
188,Laurella Phifer,,2/13/2020,Type B,Group 2,Part 2,$3198959.96,82.8,919
189,Hurley Krale,,5/16/2020,Type A,Group 1,Part 2,$7518276.71,19.64,120
190,Sissie Meneyer,,4/14/2020,Type B,Group 3,Part 2,$6958345.56,73.61,660
191,Grange Ebsworth,,6/28/2020,Type B,Group 3,Part 2,$8351069.39,86.39,140
192,Rutter Brazelton,,1/30/2020,Type B,Group 2,Part 3,$5795809.27,55.54,545
193,Michale Coleiro,,7/15/2020,Type A,Group 2,Part 1,$1862037.24,95.92,741
194,Stewart Villalta,Porto,4/17/2020,Type B,Group 2,Part 3,$7540187.30,73.73,246
195,Julie Roelvink,,5/29/2020,Type C,Group 1,Part 3,$1423728.08,44.26,157
196,Antoni Hardeman,,11/17/2020,Type C,Group 3,Part 3,$3635439.37,14.92,849
197,Carlyle Farbrother,,1/11/2020,Type B,Group 3,Part 2,$6432398.65,74.81,55
198,Pall Gippes,,6/3/2020,Type A,Group 2,Part 1,$2973997.25,24.99,148
199,Wanda Rollingson,,12/20/2020,Type C,Group 3,Part 3,$9924725.35,69.15,892
200,Devland Mariner,,5/7/2020,Type C,Group 2,Part 3,$3632710.60,7.27,816
201,Cal Milesop,,11/17/2020,Type A,Group 1,Part 1,$7774258.58,57.28,760
202,Sigismond Joscelin,,12/27/2020,Type B,Group 3,Part 2,$2426127.04,15.91,169
203,Stormie Saller,,4/25/2020,Type A,Group 2,Part 2,$6550644.76,25.57,24
204,Michaeline Cartmill,,10/11/2020,Type C,Group 3,Part 2,$4128453.45,8.4,629
205,Selestina Searl,,5/29/2020,Type B,Group 1,Part 2,$2635485.63,27.32,100
206,Wesley Frowde,,11/2/2020,Type A,Group 3,Part 1,$1427121.78,81.27,89
207,Filbert Goldspink,,1/26/2020,Type A,Group 2,Part 3,$4916131.60,85.68,167
208,Dre Shambrook,,4/20/2020,Type A,Group 1,Part 2,$5465995.62,88.71,969
209,Mattias Havile,,11/15/2020,Type C,Group 2,Part 3,$6289985.62,59.85,650
210,Skipp Everit,,10/7/2020,Type B,Group 2,Part 3,$4280022.00,10.88,386
211,Luce Taunton.,England,9/13/2020,Type C,Group 2,Part 2,$7189445.47,25.18,666
212,Torin Moloney,Jalisco,10/11/2020,Type C,Group 1,Part 2,$3336442.97,50.59,638
213,Emelda Stollenbeck,,7/27/2020,Type C,Group 1,Part 1,$6084758.69,93.47,90
214,Gertrud Rockingham,,3/2/2020,Type C,Group 2,Part 2,$4395016.91,1.62,475
215,Lotte Gothup,,5/16/2020,Type B,Group 2,Part 3,$4286197.09,14.12,384
216,Edwina Altofts,,4/25/2020,Type A,Group 2,Part 1,$1052137.09,58.09,71
217,Randal Spinige,,1/12/2020,Type A,Group 3,Part 2,$9549711.01,63.81,959
218,Maire Ballham,,4/24/2020,Type B,Group 1,Part 3,$1778569.50,36.38,33
219,Godfree Ellingford,,4/27/2020,Type C,Group 1,Part 2,$1911220.10,73.72,972
220,Brig O' Cuolahan,,8/19/2020,Type C,Group 1,Part 1,$8471363.12,45.41,505
221,Laurena Suffe,,8/27/2020,Type A,Group 3,Part 1,$3809450.30,70.89,716
222,Andi Goodlad,,11/13/2020,Type B,Group 2,Part 1,$8873903.22,6.01,705
223,Dyanna Tosh,,6/30/2020,Type A,Group 1,Part 3,$9242369.22,99.92,829
224,Sampson Lorryman,,4/5/2020,Type A,Group 2,Part 1,$5429209.93,19.37,804
225,Joe Crebo,,10/20/2020,Type B,Group 1,Part 3,$5871144.50,53.03,406
226,Mikel Gehringer,,4/14/2020,Type B,Group 1,Part 3,$3482723.69,23.71,201
227,Lee Whitehurst,,5/3/2020,Type A,Group 3,Part 2,$5026304.59,16.13,645
228,Netti Sanbrooke,,5/6/2020,Type C,Group 2,Part 2,$8126045.61,60.22,432
229,May Nesbit,,10/12/2020,Type B,Group 2,Part 2,$1576875.03,42.86,719
230,Anna-maria Poland,,3/30/2020,Type A,Group 3,Part 1,$5615696.95,70.05,954
231,Eli Luff,,3/2/2020,Type A,Group 1,Part 3,$6209289.53,34.14,940
232,Katusha Gadie,,12/12/2020,Type A,Group 1,Part 2,$3911784.42,46.93,10
233,Selie Sillis,,7/1/2020,Type C,Group 3,Part 2,$7580406.65,93.51,561
234,Jamey Burdass,Hamburg,10/7/2020,Type A,Group 2,Part 2,$7241341.78,3.84,239
235,Robin Doulton,,9/9/2020,Type B,Group 3,Part 3,$9301993.08,72.55,659
236,Filippa Bendtsen,,6/27/2020,Type A,Group 3,Part 1,$6018187.39,92.88,744
237,Odilia Leabeater,,9/4/2020,Type A,Group 1,Part 1,$6139415.77,51.17,568
238,Glyn Crumly,,6/7/2020,Type A,Group 1,Part 3,$3124319.62,34.2,344
239,Beaufort Van Eeden,,6/24/2020,Type A,Group 3,Part 1,$4283102.09,45.48,31
240,Mozes Isaksen,,5/5/2020,Type B,Group 2,Part 1,$4495422.40,75.49,573
241,Dulciana Banane,,2/27/2020,Type B,Group 2,Part 1,$7809854.53,34.11,554
242,Floris Albarez,,6/23/2020,Type B,Group 1,Part 3,$4551191.76,76.76,916
243,Aindrea Royan,,5/18/2020,Type A,Group 3,Part 1,$1411391.28,76.99,820
244,Edsel MacDaid,Guarda,12/25/2020,Type B,Group 2,Part 2,$6285938.63,59.95,163
245,Madalena Skellon,,3/5/2020,Type B,Group 3,Part 3,$1478399.52,32.52,5
246,Marilyn Oakeshott,,10/4/2020,Type A,Group 3,Part 2,$3204977.97,28.25,193
247,Lisle Veall,,4/7/2020,Type C,Group 2,Part 1,$8423771.89,7.75,829
248,Aharon Starmer,,6/13/2020,Type B,Group 1,Part 2,$9006707.70,69.79,993
249,Rogerio Clemenceau,,2/25/2020,Type B,Group 1,Part 2,$8285775.25,69.86,909
250,Gilbert Casbon,,3/26/2020,Type C,Group 1,Part 3,$8864108.97,46.8,973
251,Caryl Bank,,3/1/2020,Type A,Group 3,Part 3,$7532907.58,93.56,259
252,Marlow de Marco,,8/13/2020,Type B,Group 2,Part 3,$9237124.62,52.24,370
253,Nikos Spinello,,8/29/2020,Type C,Group 1,Part 3,$5593004.93,54.01,843
254,Kristofer Roocroft,,6/2/2020,Type B,Group 1,Part 3,$9519980.27,39.81,408
255,Tully Combe,Madrid,2/23/2020,Type B,Group 3,Part 3,$6368896.88,32.06,294
256,Daune Scurry,,8/16/2020,Type C,Group 3,Part 3,$5892698.00,26.49,776
257,Roobbie Blumfield,,2/4/2020,Type C,Group 2,Part 3,$5471980.05,65.87,879
258,Fayre Blankman,,3/4/2020,Type A,Group 1,Part 1,$3700798.75,47.16,693
259,Kassia Restall,,8/31/2020,Type A,Group 1,Part 3,$5634059.80,94.24,930
260,Christoper Morbey,Basse-Normandie,7/8/2020,Type C,Group 2,Part 3,$922302.30,61.55,124
261,Chad Nollet,,12/9/2020,Type B,Group 3,Part 1,$2505475.06,59.68,928
262,Fairleigh Furber,Perak,11/7/2020,Type C,Group 3,Part 1,$2002000.78,70.7,315
263,Cece Yurmanovev,,6/24/2020,Type C,Group 1,Part 2,$6575139.25,2.06,183
264,Roseanne Giffin,,6/28/2020,Type B,Group 3,Part 2,$6069692.73,57.21,157
265,Drugi Showl,,9/9/2020,Type A,Group 3,Part 3,$7329398.26,46.64,534
266,Diane-marie Pavek,Île-de-France,7/6/2020,Type C,Group 2,Part 3,$7966301.68,38.59,699
267,Burtie Chinery,,9/19/2020,Type C,Group 2,Part 3,$30225.39,34.54,261
268,Lockwood Westgarth,,9/2/2020,Type C,Group 1,Part 2,$4849588.43,73.91,446
269,Hettie Budgey,,8/2/2020,Type C,Group 1,Part 2,$3258678.07,31.88,33
270,Parsifal Daulby,,2/27/2020,Type B,Group 3,Part 3,$2748681.12,78.32,428
271,Betty Ambroziak,Braga,10/3/2020,Type C,Group 1,Part 1,$6953099.01,48.36,13
272,Ailee Benneyworth,Santarém,9/28/2020,Type C,Group 1,Part 3,$7726121.47,52.87,159
273,Borg Storrie,,7/14/2020,Type B,Group 1,Part 2,$5592931.90,15.6,898
274,Albina Lewton,,4/4/2020,Type C,Group 1,Part 1,$4671934.44,42.03,0
275,Irwin Tourry,,7/22/2020,Type B,Group 2,Part 3,$5462871.50,58.32,950
276,Gussy Flode,,1/9/2020,Type B,Group 3,Part 2,$604950.95,7.85,839
277,Patty Wotton,,11/5/2020,Type A,Group 3,Part 3,$1260504.51,23.31,629
278,Murdock Trundler,,2/17/2020,Type C,Group 2,Part 3,$6914437.84,87.42,682
279,Ray Castagne,,7/29/2020,Type B,Group 3,Part 1,$9161154.66,7.76,838
280,Aeriell Beneteau,,12/18/2020,Type C,Group 1,Part 1,$2261738.13,28.16,291
281,Portie Lindeman,,11/25/2020,Type C,Group 3,Part 3,$6439229.27,98.63,529
282,Gaultiero Hails,,11/2/2020,Type A,Group 1,Part 3,$9958489.55,50.37,773
283,Amalea New,,2/15/2020,Type B,Group 2,Part 3,$7003971.30,73.8,160
284,Bert Cawthron,,2/7/2020,Type A,Group 1,Part 1,$8552423.33,0.67,243
285,Leodora Meddings,Viseu,2/23/2020,Type A,Group 2,Part 1,$9372895.82,58.44,287
286,Noelyn Stennine,Setúbal,1/9/2020,Type A,Group 1,Part 2,$4090816.06,60.76,896
287,Gerianne Corter,,5/26/2020,Type B,Group 1,Part 1,$4958584.87,60.96,389
288,Bertie Calbert,,4/15/2020,Type A,Group 1,Part 2,$2705161.71,61.4,867
289,Royce Blaske,,3/4/2020,Type A,Group 2,Part 2,$1148962.38,68.47,985
290,Scarlett Greenhall,,5/30/2020,Type A,Group 1,Part 3,$5295988.73,23.57,708
291,Kristan Hattrick,,1/14/2020,Type A,Group 1,Part 1,$7478216.56,28.41,590
292,Deva Sergeant,,3/7/2020,Type A,Group 2,Part 2,$5022208.47,49.91,635
293,Marketa Haskew,,12/13/2020,Type A,Group 3,Part 2,$8509503.02,10.38,262
294,Laryssa Whitebrook,,11/18/2020,Type A,Group 1,Part 2,$8075575.95,67.75,131
295,Aretha Durrans,Martinique,1/13/2020,Type A,Group 1,Part 2,$117191.68,27.76,824
296,Zacherie Mabbot,Vila Real,10/31/2020,Type A,Group 1,Part 2,$3864911.06,24.24,309
297,Whitby Prest,,4/2/2020,Type A,Group 3,Part 3,$8681926.77,17.91,629
298,Giulio McNeil,,3/22/2020,Type C,Group 1,Part 2,$2058135.03,47.52,822
299,Artus Belcham,,4/21/2020,Type C,Group 1,Part 2,$9582453.03,2.84,792
300,Patti Ashling,,7/21/2020,Type C,Group 3,Part 3,$9507585.77,86.67,897
301,Lida Corhard,,5/2/2020,Type B,Group 3,Part 3,$5982442.30,7.57,457
302,Lorenza Teesdale,Québec,9/29/2020,Type C,Group 3,Part 1,$6453061.88,17.38,495
303,Niall Gilman,,1/22/2020,Type B,Group 2,Part 3,$253271.81,90.51,796
304,Ethelin Shivlin,Ilha do Pico,12/17/2020,Type A,Group 1,Part 3,$7476812.02,49.43,927
305,Annora Kettle,,11/20/2020,Type C,Group 2,Part 1,$3373499.39,15.41,453
306,Deerdre Muncer,,8/11/2020,Type C,Group 3,Part 3,$5828353.69,20.45,92
307,Philippine Kobisch,,8/22/2020,Type B,Group 3,Part 2,$2350495.74,47.1,233
308,Chet Towll,,12/19/2020,Type A,Group 2,Part 1,$1454564.33,37.98,994
309,Frannie Felder,Alberta,3/4/2020,Type A,Group 3,Part 1,$552844.33,38.51,875
310,Jermain Josefowicz,,10/20/2020,Type A,Group 3,Part 3,$8558474.27,9.08,223
311,Eolande Chesswas,,11/30/2020,Type A,Group 2,Part 2,$9720018.73,34.54,477
312,Kris Canelas,,12/30/2020,Type A,Group 1,Part 3,$984039.80,50.29,311
313,Torin Danshin,,1/17/2020,Type C,Group 1,Part 3,$9203519.12,0.35,21
314,Hattie Kingscote,Stockholm,3/29/2020,Type A,Group 2,Part 1,$5873381.94,91.28,736
315,Cesaro Iorillo,,1/4/2020,Type C,Group 3,Part 1,$2883894.24,32.93,15
316,Darbee Borgnet,,5/13/2020,Type A,Group 3,Part 2,$6288446.35,14.1,143
317,Rana Lampett,Texas,3/31/2020,Type C,Group 3,Part 3,$3734322.45,91.1,213
318,Heddie Cowern,,3/29/2020,Type B,Group 3,Part 1,$1426278.35,17.73,481
319,Doralia Brann,,12/26/2020,Type A,Group 1,Part 1,$894158.16,61.33,422
320,Pattin Dagg,,4/7/2020,Type C,Group 1,Part 3,$1863133.68,68.99,303
321,Carine Noone,Lorraine,1/23/2020,Type C,Group 1,Part 3,$3653924.15,21.9,352
322,Merwin Readie,,10/12/2020,Type A,Group 1,Part 3,$8390866.95,73.94,79
323,Slade Bishell,,6/30/2020,Type B,Group 1,Part 3,$2444253.88,13.46,204
324,Margarete Georgeon,,5/24/2020,Type B,Group 1,Part 3,$2451470.16,14.16,4
325,Eduard Vice,Västmanland,10/5/2020,Type A,Group 2,Part 3,$6640980.36,18.41,231
326,Merilyn Lackham,,3/10/2020,Type B,Group 2,Part 3,$5533027.12,58.14,822
327,Gunilla Wadge,,5/1/2020,Type A,Group 3,Part 2,$8098389.57,16.52,443
328,Killy Penas,,3/26/2020,Type C,Group 1,Part 1,$9814804.19,56.84,556
329,Jacquetta Bardill,,12/29/2020,Type A,Group 2,Part 3,$1880357.99,72.91,359
330,Clarie Rossbrook,,3/18/2020,Type C,Group 1,Part 1,$6979124.83,6.98,350
331,Ozzie Desmond,,8/9/2020,Type B,Group 1,Part 1,$3723736.83,69.3,266
332,Maddy Matsell,,11/20/2020,Type C,Group 3,Part 2,$8668376.35,21.87,742
333,Jill Boots,,6/8/2020,Type B,Group 3,Part 3,$4431691.74,76.24,33
334,Krisha Jursch,,9/4/2020,Type C,Group 1,Part 3,$3646917.67,56.63,335
335,Osgood Songust,,2/8/2020,Type B,Group 2,Part 3,$987575.96,16.76,8
336,Norry Packington,,10/5/2020,Type A,Group 1,Part 1,$7315890.10,35.09,263
337,Harley Josipovitz,,6/11/2020,Type C,Group 1,Part 3,$2510179.81,83.49,460
338,Jesse Aynold,Texas,11/22/2020,Type A,Group 3,Part 3,$1095478.98,43.59,386
339,Kessia Treacher,,3/5/2020,Type B,Group 3,Part 3,$8519935.86,55.22,651
340,Filippa Grellier,,11/27/2020,Type A,Group 1,Part 1,$9560647.53,67.3,559
341,Veda Dewan,Stockholm,2/12/2020,Type A,Group 1,Part 3,$5182770.84,91.84,824
342,Janette Slevin,,4/29/2020,Type C,Group 1,Part 1,$1544157.22,93.61,471
343,Zeb Soan,,7/22/2020,Type B,Group 3,Part 3,$5087813.70,15.21,953
344,Wilhelmina Durdle,,12/1/2020,Type A,Group 3,Part 3,$5424493.45,79.33,437
345,Cassondra Bingell,,1/31/2020,Type C,Group 2,Part 2,$6301937.11,58.23,598
346,Nadiya Gareisr,,11/20/2020,Type B,Group 2,Part 2,$1930795.27,33.1,459
347,Celestine Brennans,Santarém,5/3/2020,Type B,Group 3,Part 3,$9075127.75,65.82,818
348,Freida Finley,Pays de la Loire,4/21/2020,Type B,Group 3,Part 3,$3225232.28,58.2,850
349,Joly Tulip,,11/14/2020,Type C,Group 1,Part 2,$337946.19,74.66,66
350,Christoper Feighney,,5/23/2020,Type C,Group 2,Part 1,$4627666.89,83.17,600
351,Eziechiele Karby,,2/8/2020,Type A,Group 1,Part 3,$6588150.90,50.17,370
352,Allie Dakin,,8/21/2020,Type C,Group 1,Part 1,$2504972.79,26.23,905
353,Trumann Gaunter,,5/12/2020,Type B,Group 1,Part 3,$9244414.25,88.99,992
354,Gert Wigan,,4/25/2020,Type C,Group 2,Part 2,$3394532.28,36.9,171
355,Jonas Oxenford,,6/15/2020,Type C,Group 3,Part 1,$498052.73,27.81,921
356,Tomasina Walisiak,,8/18/2020,Type C,Group 1,Part 2,$9108564.91,20.05,278
357,Germaine Jones,,8/27/2020,Type C,Group 2,Part 3,$1934563.06,48.16,132
358,Andrej Crowder,,3/8/2020,Type B,Group 1,Part 1,$4705391.05,18.72,27
359,Xena Towell,,8/9/2020,Type A,Group 2,Part 3,$5745679.07,8.96,936
360,Rois Bowden,,9/18/2020,Type B,Group 2,Part 3,$3713597.06,7.06,180
361,Danya Roxburch,,11/16/2020,Type B,Group 3,Part 2,$2301277.81,62.19,711
362,Francyne Joice,,6/7/2020,Type B,Group 3,Part 3,$8177713.68,3.38,827
363,Maire Frandsen,Skåne,7/26/2020,Type A,Group 1,Part 3,$9667822.02,43.88,794
364,Gertrudis Petty,,2/12/2020,Type A,Group 1,Part 2,$2849827.01,33.3,7
365,Marci Toulson,,6/13/2020,Type C,Group 3,Part 2,$4645782.15,71.8,383
366,Evita Dulling,,6/25/2020,Type A,Group 2,Part 2,$8089723.70,29.79,602
367,Nerta Ceeley,,9/6/2020,Type B,Group 3,Part 3,$4833673.53,96.91,769
368,Shepard Liptrod,,1/26/2020,Type A,Group 3,Part 2,$1229885.96,35.79,878
369,Reinwald Hamblin,,8/30/2020,Type A,Group 3,Part 2,$9943546.80,98.76,800
370,Johnnie Veal,,6/28/2020,Type B,Group 3,Part 1,$8271851.21,51.87,243
371,June Bohman,,8/7/2020,Type B,Group 3,Part 3,$4352158.03,14.57,806
372,Fredia Barrat,,3/27/2020,Type C,Group 3,Part 1,$8065314.66,89.33,355
373,Josefina Cocklin,,9/15/2020,Type C,Group 2,Part 3,$9356030.34,96.84,674
374,Vasilis McNab,Illinois,9/24/2020,Type B,Group 1,Part 3,$2203164.87,98.88,619
375,Beitris Cruden,,8/28/2020,Type B,Group 2,Part 2,$6407375.08,14.16,562
376,Gabi Lehrer,,6/23/2020,Type C,Group 3,Part 1,$6929813.91,42.29,385
377,Abdel Smalley,,5/30/2020,Type B,Group 1,Part 3,$2685972.57,64.46,905
378,Keith Vina,,3/2/2020,Type B,Group 1,Part 2,$5580818.11,30.94,152
379,Kakalina Taylo,,8/30/2020,Type A,Group 3,Part 1,$8801659.96,14.26,744
380,Glenine Karolovsky,,9/21/2020,Type C,Group 3,Part 3,$4394183.94,78.56,124
381,Kippie Church,Santarém,8/26/2020,Type C,Group 3,Part 3,$4191931.41,66.56,508
382,Vernon Gooke,Vest-Agder,8/26/2020,Type B,Group 1,Part 2,$1072190.08,84.97,561
383,Gardy Leppo,,1/20/2020,Type B,Group 2,Part 1,$1680682.26,78.9,193
384,Kaitlynn Studman,,7/5/2020,Type A,Group 1,Part 1,$9139208.62,62.49,283
385,Tommie Tugman,,7/25/2020,Type C,Group 1,Part 1,$8246532.31,10.0,907
386,Laraine Reader,,1/28/2020,Type A,Group 3,Part 1,$6973412.65,87.36,993
387,Donall Harder,,10/31/2020,Type B,Group 2,Part 3,$997576.44,23.63,935
388,Stefania Ianniello,,9/6/2020,Type B,Group 1,Part 3,$7367998.31,23.83,678
389,Joelly Watkiss,,12/19/2020,Type B,Group 2,Part 3,$7690251.45,31.86,803
390,Jeff Dovey,,11/4/2020,Type A,Group 1,Part 2,$8193449.75,55.96,736
391,Edd Measom,Pulau Pinang,12/12/2020,Type A,Group 3,Part 1,$6012785.47,73.91,111
392,Elsinore Juszczyk,,3/15/2020,Type C,Group 1,Part 2,$77638.81,1.3,94
393,Penrod Cannan,Texas,10/13/2020,Type C,Group 1,Part 3,$5308470.41,80.56,154
394,Abra Ervin,,6/13/2020,Type B,Group 3,Part 2,$2361600.49,32.02,612
395,Ailyn Gronowe,,6/22/2020,Type C,Group 3,Part 3,$466582.37,74.77,378
396,Fernanda Vivians,,9/8/2020,Type C,Group 1,Part 2,$8185591.15,58.29,446
397,Blinni Alway,,11/28/2020,Type B,Group 2,Part 3,$5265739.84,62.75,409
398,Francene Fairtlough,,7/4/2020,Type A,Group 1,Part 2,$9274487.58,46.22,352
399,Janeczka Saul,,11/23/2020,Type B,Group 1,Part 2,$7749714.73,31.22,314
400,Damiano Fowle,,7/24/2020,Type B,Group 1,Part 2,$7988258.13,32.66,283
401,Koressa Maty,,9/29/2020,Type B,Group 2,Part 3,$9203555.73,3.77,958
402,Julina Kopke,,10/23/2020,Type A,Group 3,Part 2,$2385010.48,72.77,602
403,Ronnie Molloy,,9/15/2020,Type A,Group 2,Part 3,$923107.06,43.23,678
404,Lyle Drohun,,7/16/2020,Type B,Group 1,Part 2,$7027367.11,5.18,188
405,Shaylyn Swetman,,10/27/2020,Type B,Group 3,Part 2,$2071982.11,6.43,420
406,Myrah Guille,,2/16/2020,Type B,Group 1,Part 2,$6921695.70,46.92,324
407,Francine Matteris,,3/4/2020,Type C,Group 2,Part 2,$1307688.06,17.98,907
408,Whitman Giamuzzo,Rhône-Alpes,6/14/2020,Type A,Group 2,Part 2,$3744253.57,56.74,323
409,Karlee Krysztofiak,,5/11/2020,Type A,Group 3,Part 3,$8108711.91,54.01,25
410,Mariette Shanley,,2/2/2020,Type B,Group 1,Part 1,$6702678.25,4.63,523
411,Delmor Hullins,Sachsen-Anhalt,1/4/2020,Type B,Group 3,Part 1,$8877691.92,39.86,286
412,Dulcine Braidford,,9/4/2020,Type C,Group 3,Part 3,$3848239.74,95.04,236
413,Fernande Vise,,12/26/2020,Type C,Group 3,Part 3,$6729546.45,41.99,490
414,Darren Fawthorpe,Aveiro,6/28/2020,Type C,Group 2,Part 2,$7493669.27,76.54,537
415,Lauralee Hoffman,,2/6/2020,Type C,Group 1,Part 1,$6487748.06,95.25,438
416,Odette Jarret,,10/1/2020,Type B,Group 3,Part 3,$4717123.98,79.65,677
417,Arthur Robeiro,,8/7/2020,Type C,Group 1,Part 3,$514525.83,27.65,847
418,Dora Rushman,,9/1/2020,Type B,Group 3,Part 2,$1646889.61,71.67,140
419,Jessi Chowne,,5/29/2020,Type C,Group 2,Part 1,$3115015.15,82.06,609
420,Lonny Jamme,,9/14/2020,Type B,Group 3,Part 1,$9325647.65,54.22,407
421,Harry Anchor,,3/24/2020,Type B,Group 3,Part 3,$4430043.29,94.94,27
422,Humbert Challener,,9/22/2020,Type B,Group 2,Part 2,$6927201.05,13.07,719
423,Ag Springate,,6/25/2020,Type C,Group 2,Part 3,$9358423.38,74.13,250
424,Val Tolan,,7/2/2020,Type B,Group 1,Part 3,$2902982.42,85.03,231
425,Bethena Elliff,,3/12/2020,Type C,Group 1,Part 1,$5019602.27,99.03,726
426,Lin Vines,,8/19/2020,Type B,Group 1,Part 2,$2319841.01,37.98,374
427,Maryl Rosgen,,2/12/2020,Type C,Group 2,Part 1,$5450653.13,81.22,447
428,Anabel Comins,,12/16/2020,Type B,Group 1,Part 3,$2680151.91,12.82,192
429,Dosi Slocombe,,10/10/2020,Type B,Group 1,Part 2,$1478331.52,23.32,204
430,Jodee Rennox,,1/8/2020,Type B,Group 1,Part 1,$8838791.81,16.69,981
431,Brodie Chevis,,6/21/2020,Type A,Group 2,Part 3,$6791996.78,94.87,585
432,Mano Sheal,,9/1/2020,Type C,Group 1,Part 2,$9567825.35,74.79,903
433,Blinny MacMurray,,5/8/2020,Type B,Group 2,Part 1,$731626.81,19.55,865
434,Lindy Cholonin,Mexico,3/16/2020,Type A,Group 2,Part 2,$3432017.44,95.45,20
435,Rae Davidowsky,Nordrhein-Westfalen,7/15/2020,Type B,Group 3,Part 1,$927621.43,52.12,681
436,Herby Leal,,3/25/2020,Type A,Group 3,Part 1,$4093068.94,93.22,283
437,Fidole Bottomer,,11/4/2020,Type A,Group 3,Part 3,$2075625.21,51.73,941
438,Blanch Oakman,,7/18/2020,Type A,Group 1,Part 3,$6727702.98,81.85,453
439,Gusella Subhan,,11/19/2020,Type B,Group 3,Part 1,$168638.12,75.57,543
440,Chicky Lanchbery,,6/13/2020,Type B,Group 1,Part 3,$9456004.81,94.51,846
441,Lorie Hellen,,8/1/2020,Type A,Group 1,Part 2,$3040984.50,80.33,922
442,Alonso Nias,,12/7/2020,Type A,Group 3,Part 1,$3028176.33,67.97,91
443,Kirsten Bricksey,,3/5/2020,Type A,Group 3,Part 3,$8821616.58,43.03,620
444,Eva Dachey,,5/10/2020,Type A,Group 3,Part 1,$4067881.50,46.77,321
445,Eugenius Markwelley,,9/8/2020,Type C,Group 3,Part 1,$7522839.26,23.82,134
446,Dannie McGowan,,11/2/2020,Type A,Group 2,Part 2,$7728345.03,74.61,423
447,Bibbie Ghione,,10/30/2020,Type A,Group 3,Part 1,$4400187.72,23.41,305
448,Alphonso Hallows,,7/17/2020,Type B,Group 1,Part 1,$7842037.16,92.6,577
449,Price Lautie,,8/17/2020,Type B,Group 1,Part 3,$3798376.61,35.93,80
450,Thorsten Streetfield,,7/10/2020,Type B,Group 2,Part 3,$6936724.09,47.19,480
451,Claudianus Mattedi,Steiermark,9/6/2020,Type C,Group 1,Part 1,$9030747.76,23.06,360
452,Lezlie Wanka,,6/13/2020,Type C,Group 1,Part 1,$5260025.84,86.9,308
453,Timmie Newcom,,9/11/2020,Type C,Group 2,Part 1,$8540330.62,86.37,653
454,Marietta Greydon,Budapest,4/17/2020,Type C,Group 3,Part 1,$8505460.22,90.1,69
455,Lottie Ebanks,Porto,1/10/2020,Type C,Group 3,Part 2,$2371033.16,19.38,581
456,Wilmette Grahl,,9/4/2020,Type B,Group 2,Part 2,$1325260.78,59.57,83
457,Friedrick Bragger,Basse-Normandie,5/17/2020,Type A,Group 1,Part 2,$4557499.90,37.75,684
458,Clary Clay,,6/4/2020,Type C,Group 1,Part 1,$5379611.44,81.02,346
459,Berni Skidmore,,2/23/2020,Type B,Group 3,Part 3,$9980249.73,65.43,751
460,Godfry Feldstern,,12/15/2020,Type C,Group 2,Part 3,$4621329.59,98.79,516
461,Allianora Dracey,,9/1/2020,Type A,Group 1,Part 1,$1184497.54,8.95,882
462,Dena Tiebe,,12/19/2020,Type C,Group 3,Part 3,$8975776.84,69.08,967
463,Fransisco Duprey,,1/5/2020,Type A,Group 1,Part 3,$9689658.51,53.07,438
464,Arabelle Bentinck,,1/15/2020,Type B,Group 2,Part 3,$9825657.58,17.01,371
465,Dorice Rammell,,9/5/2020,Type C,Group 2,Part 2,$2949894.05,86.35,854
466,Carie Dooher,,12/16/2020,Type C,Group 2,Part 1,$6642271.61,40.63,617
467,Lennie Selvester,,11/3/2020,Type B,Group 1,Part 1,$9500109.69,4.31,649
468,Willow Heggison,,6/6/2020,Type A,Group 1,Part 2,$2777789.66,11.42,882
469,Yovonnda Bullene,,11/6/2020,Type A,Group 1,Part 2,$813690.17,53.95,309
470,Deeann Emanuel,,2/2/2020,Type A,Group 2,Part 3,$2352473.66,84.85,817
471,Ruthann Padfield,,9/29/2020,Type C,Group 2,Part 3,$575962.85,7.64,906
472,Jehanna Gwynne,,8/3/2020,Type C,Group 2,Part 1,$9992362.56,30.2,279
473,Benny Kiffe,Örebro,3/12/2020,Type A,Group 1,Part 1,$4534486.23,17.26,47
474,Karly Rasher,Mexico,3/15/2020,Type C,Group 1,Part 2,$9516525.98,36.22,618
475,Boycie Lockner,,5/12/2020,Type B,Group 3,Part 3,$4328711.83,85.86,338
476,Vanni Plank,,4/18/2020,Type B,Group 3,Part 1,$5208696.34,89.65,492
477,Henri Haliday,,11/15/2020,Type C,Group 3,Part 2,$7418169.55,91.56,657
478,Keir Valintine,,10/2/2020,Type C,Group 1,Part 3,$6087774.97,26.54,772
479,Felike Swanger,,3/23/2020,Type A,Group 1,Part 3,$1397070.46,1.69,331
480,Ellis MacCostigan,Île-de-France,9/30/2020,Type B,Group 1,Part 1,$9631381.53,53.94,231
481,Sharlene McFee,,3/14/2020,Type C,Group 2,Part 1,$2601789.57,23.88,15
482,Rebecca Allridge,Coimbra,6/27/2020,Type C,Group 3,Part 1,$1935981.55,32.8,172
483,Germain Junifer,,11/10/2020,Type B,Group 3,Part 1,$3310578.28,79.99,775
484,Charlean Lehr,,12/18/2020,Type A,Group 2,Part 1,$5831861.21,39.09,986
485,Kilian Daburn,,5/25/2020,Type B,Group 1,Part 2,$265454.95,90.95,784
486,Loria Bonwell,Île-de-France,9/23/2020,Type A,Group 2,Part 1,$7334860.00,86.05,732
487,Obed Garrity,,11/19/2020,Type B,Group 2,Part 3,$2236750.14,71.9,140
488,Huberto Tuerena,,10/28/2020,Type C,Group 1,Part 1,$1062587.94,73.87,159
489,Scot Lutz,,1/21/2020,Type B,Group 3,Part 2,$5717509.07,52.82,215
490,Leonie Balkwill,,3/13/2020,Type B,Group 2,Part 1,$7640527.90,11.55,191
491,Mariquilla Attwill,,12/7/2020,Type C,Group 2,Part 1,$9792160.23,90.78,632
492,Brandi McWhirter,,10/20/2020,Type B,Group 3,Part 3,$4608473.09,9.34,788
493,Marcela Jago,,1/21/2020,Type A,Group 1,Part 2,$4507551.07,55.06,24
494,Mill Worsom,,12/4/2020,Type A,Group 2,Part 2,$4135401.90,88.51,207
495,Karrah Eastwood,,8/14/2020,Type B,Group 1,Part 1,$8903967.53,95.62,744
496,Lila Katzmann,,7/12/2020,Type A,Group 1,Part 3,$8437854.64,93.51,208
497,Hadley Priver,,12/28/2020,Type A,Group 1,Part 1,$7223763.32,68.39,279
498,Roarke Sedger,Île-de-France,11/23/2020,Type B,Group 2,Part 2,$8365441.96,82.03,234
499,Aleda Croxley,,8/26/2020,Type C,Group 2,Part 3,$1259927.36,59.78,21
500,Yelena Permain,,5/16/2020,Type B,Group 3,Part 2,$7146848.25,95.26,49
501,Dewie Foulks,,9/17/2020,Type A,Group 3,Part 1,$3167200.77,61.61,289
502,Blinny Espie,,5/11/2020,Type C,Group 2,Part 2,$3756608.73,84.1,370
503,Carey Swaisland,,3/26/2020,Type C,Group 1,Part 3,$286213.04,25.0,271
504,Hugh Ridgewell,,7/15/2020,Type B,Group 2,Part 1,$6688672.48,50.43,797
505,Luisa Raubenheim,,2/6/2020,Type A,Group 2,Part 2,$8419124.89,8.71,975
506,Moishe McGarrie,,2/8/2020,Type C,Group 1,Part 1,$5304982.59,7.25,916
507,Casey Wasielewicz,,8/10/2020,Type B,Group 3,Part 1,$61184.93,94.39,701
508,Kikelia Hayman,,8/31/2020,Type C,Group 3,Part 1,$3567089.50,66.0,873
509,Sammy Josham,,10/14/2020,Type B,Group 2,Part 1,$9611450.78,81.6,549
510,Tully Emloch,,1/31/2020,Type C,Group 2,Part 3,$2221905.20,23.23,217
511,Natty Pigny,Bayern,1/16/2020,Type B,Group 3,Part 1,$7948133.54,74.76,566
512,Peri Monteaux,,11/24/2020,Type B,Group 3,Part 2,$9134754.36,1.47,175
513,Heda Sames,,11/2/2020,Type B,Group 1,Part 3,$2466240.76,86.92,410
514,Langsdon Straine,,9/15/2020,Type B,Group 3,Part 1,$8001294.88,39.67,775
515,Isa Dury,,9/25/2020,Type A,Group 1,Part 2,$1053085.90,87.95,673
516,Pete Camble,,11/10/2020,Type A,Group 2,Part 1,$769960.09,92.86,967
517,Amelie Antalffy,,10/15/2020,Type B,Group 3,Part 1,$3331625.42,30.29,224
518,Pren Timperley,Rhône-Alpes,11/4/2020,Type A,Group 1,Part 3,$7522012.43,25.62,361
519,Zonda Tween,,4/3/2020,Type C,Group 1,Part 3,$594371.45,52.39,379
520,Bebe Standish,,10/8/2020,Type C,Group 1,Part 3,$9376278.22,0.88,955
521,Meagan Songhurst,,1/30/2020,Type A,Group 1,Part 1,$548570.90,79.5,846
522,Fiona Rosenfield,,3/24/2020,Type C,Group 2,Part 1,$8854287.58,91.44,860
523,Anna-diane Daybell,,1/1/2020,Type B,Group 3,Part 2,$2365907.86,37.06,629
524,Vincent McCrachen,,8/25/2020,Type A,Group 3,Part 1,$9764054.89,20.44,829
525,Richardo Grushin,,4/20/2020,Type A,Group 1,Part 3,$4056077.13,84.09,867
526,Wiley Geach,,7/30/2020,Type B,Group 3,Part 1,$2162654.47,26.8,35
527,Collette Tolman,,8/8/2020,Type B,Group 2,Part 2,$2587474.58,81.2,802
528,Tracey Fryman,,10/13/2020,Type C,Group 1,Part 3,$5468430.80,33.91,844
529,Klaus Selcraig,,12/8/2020,Type C,Group 1,Part 1,$2749485.68,20.79,48
530,Henry Stebbing,,8/17/2020,Type B,Group 1,Part 2,$5571702.75,27.9,191
531,Pincus Brereton,,8/4/2020,Type C,Group 1,Part 2,$9283753.16,41.4,50
532,Nanine Imeson,,4/20/2020,Type C,Group 1,Part 3,$955625.13,30.39,992
533,York Ciobutaru,Uppsala,10/19/2020,Type C,Group 2,Part 3,$891860.83,36.53,940
534,Gothart Arnoldi,,2/23/2020,Type A,Group 1,Part 3,$7456863.48,74.89,543
535,Rudolph Brannigan,,9/8/2020,Type B,Group 2,Part 3,$9161733.21,79.35,959
536,Kort Delamaine,,10/10/2020,Type C,Group 2,Part 3,$2017251.85,17.59,802
537,Dougie Von Salzberg,,10/17/2020,Type C,Group 3,Part 1,$3500945.83,91.58,66
538,Dru Godrich,,10/17/2020,Type C,Group 3,Part 1,$9828796.25,34.31,287
539,Zacharia Bayley,,9/3/2020,Type C,Group 3,Part 1,$7644234.61,59.6,750
540,Teodoor Palia,,7/30/2020,Type A,Group 2,Part 2,$7245093.58,1.28,911
541,Darcy Buston,,11/10/2020,Type A,Group 2,Part 2,$4431504.58,82.11,616
542,Garland Trethowan,Aquitaine,7/14/2020,Type B,Group 2,Part 2,$3234035.09,49.85,310
543,Maddie Balle,,4/2/2020,Type B,Group 2,Part 1,$3746430.29,35.39,208
544,Grove Bridgnell,Faro,11/6/2020,Type B,Group 1,Part 3,$8109050.41,89.07,749
545,Katrina Tokell,,8/19/2020,Type B,Group 2,Part 2,$6157120.95,63.57,752
546,Ethelbert Codrington,Braga,1/24/2020,Type B,Group 2,Part 2,$264332.38,90.09,953
547,Laure Inott,,2/28/2020,Type C,Group 3,Part 2,$6977913.29,97.31,193
548,Calvin Bellord,Nevada,5/4/2020,Type A,Group 3,Part 2,$6549843.49,83.72,148
549,Aldwin Honack,,2/28/2020,Type B,Group 1,Part 3,$7955819.23,65.5,99
550,Shaun Fuggle,,4/17/2020,Type A,Group 2,Part 1,$7334339.30,78.4,943
551,Melisande Schooling,,2/14/2020,Type B,Group 2,Part 2,$7923121.80,29.21,92
552,Alexi Lofty,,3/26/2020,Type B,Group 3,Part 3,$2010561.82,77.96,116
553,Gregorius Treharne,,8/2/2020,Type B,Group 2,Part 2,$8024417.83,40.02,227
554,Kenny Emney,,2/28/2020,Type C,Group 1,Part 3,$6619512.47,37.85,569
555,Gayla Pick,,9/17/2020,Type C,Group 3,Part 3,$9314027.53,20.69,702
556,Drugi Windmill,,12/28/2020,Type B,Group 3,Part 1,$7569618.64,95.29,520
557,Patrizia Eddleston,,2/10/2020,Type B,Group 3,Part 3,$5037031.21,51.23,474
558,Nataniel Ramsier,,1/22/2020,Type B,Group 3,Part 3,$7638421.95,5.57,707
559,Reagen Moller,,5/21/2020,Type B,Group 2,Part 1,$3499427.69,37.14,0
560,Sofie Nutbean,,11/14/2020,Type A,Group 1,Part 3,$798249.17,71.64,167
561,Sherwynd Wishkar,Michoacan De Ocampo,6/26/2020,Type A,Group 3,Part 1,$9439748.76,44.13,625
562,Raddy McLaine,,5/24/2020,Type C,Group 2,Part 2,$6550794.95,62.34,191
563,Callean Gladman,,11/3/2020,Type C,Group 1,Part 2,$8075123.34,27.13,889
564,Wang Punton,,6/30/2020,Type B,Group 3,Part 1,$3096904.29,32.09,15
565,Mae Vannozzii,,12/23/2020,Type A,Group 1,Part 2,$1773940.34,47.3,417
566,Cherida Shatliff,,4/24/2020,Type C,Group 3,Part 3,$8460830.47,54.82,640
567,Peg Anney,,3/19/2020,Type B,Group 2,Part 2,$5527078.57,52.96,330
568,Tootsie Gingell,,3/16/2020,Type C,Group 2,Part 3,$1957015.74,42.17,632
569,Chrissie Northedge,,8/31/2020,Type C,Group 3,Part 1,$6177654.53,16.02,525
570,Herbert O'Flaherty,,7/19/2020,Type C,Group 2,Part 1,$1659272.62,54.2,380
571,Darya Addinall,,4/8/2020,Type A,Group 3,Part 2,$5837608.01,68.3,24
572,Kacy Paniman,England,12/2/2020,Type B,Group 3,Part 2,$4971902.13,85.5,745
573,Archaimbaud Grassin,Île-de-France,3/4/2020,Type A,Group 3,Part 2,$4770386.87,19.38,614
574,Vannie Durnin,,2/24/2020,Type A,Group 2,Part 2,$4723485.05,17.7,781
575,Merna Guidera,,9/1/2020,Type A,Group 2,Part 1,$6343326.28,30.98,106
576,Rodrique Colicot,,12/30/2020,Type B,Group 1,Part 3,$1739157.56,70.82,812
577,Wynn Shermar,,11/28/2020,Type B,Group 1,Part 1,$1277415.23,57.19,206
578,Anastassia Brellin,Santarém,10/10/2020,Type B,Group 2,Part 2,$8811764.45,69.97,799
579,Hersh Jeandin,,7/11/2020,Type B,Group 2,Part 1,$8070340.70,83.99,870
580,Merry O' Mulderrig,,6/23/2020,Type C,Group 2,Part 2,$4682587.37,58.29,485
581,Alana Balle,,6/11/2020,Type C,Group 3,Part 2,$9326723.13,50.45,749
582,Dorine Cereceres,Guerrero,1/9/2020,Type C,Group 3,Part 2,$2092672.97,57.17,610
583,Clement Shepcutt,Rhône-Alpes,9/13/2020,Type A,Group 1,Part 3,$6910979.25,84.06,864
584,Stacie Pudsall,,1/1/2020,Type A,Group 2,Part 3,$6328404.46,34.17,19
585,Bert O' Ronan,,8/8/2020,Type B,Group 2,Part 2,$2514194.42,46.96,155
586,Claudelle Guthrie,Porto,12/10/2020,Type B,Group 3,Part 1,$1499544.98,64.93,174
587,Carney Key,,1/27/2020,Type B,Group 2,Part 2,$9309679.34,36.6,395
588,Angele Eastlake,,1/25/2020,Type B,Group 3,Part 1,$5623636.50,36.84,611
589,Carita Levay,,10/4/2020,Type C,Group 1,Part 3,$9736386.89,86.05,941
590,Thomasina Lavrinov,,6/15/2020,Type B,Group 3,Part 3,$7450416.79,22.85,237
591,Birch Wrintmore,,8/23/2020,Type B,Group 3,Part 3,$5179610.74,89.54,792
592,Mufi Bedbrough,,7/22/2020,Type B,Group 2,Part 3,$9468878.52,54.35,530
593,Donny Cliffe,,7/22/2020,Type C,Group 1,Part 2,$1004165.85,95.86,622
594,Marcela Lamble,,5/16/2020,Type B,Group 3,Part 3,$6515461.30,7.55,151
595,Issi Fauning,,6/14/2020,Type C,Group 2,Part 2,$1612729.02,16.29,620
596,Irita Coalburn,,9/2/2020,Type A,Group 2,Part 2,$2676194.82,8.05,937
597,Camellia Tommasi,,12/8/2020,Type C,Group 2,Part 1,$9185490.83,71.82,900
598,Sayre Parkyn,,12/6/2020,Type C,Group 2,Part 3,$9147616.16,59.35,741
599,Dasya Greenhow,,9/11/2020,Type B,Group 1,Part 1,$6578297.55,90.63,209
600,Sigvard Parriss,,9/25/2020,Type B,Group 2,Part 1,$4232279.81,2.11,704
601,Willabella Starkings,,5/17/2020,Type A,Group 1,Part 3,$6517739.16,64.69,871
602,Terra Rolance,,7/12/2020,Type C,Group 3,Part 1,$3337764.64,3.46,66
603,Mathe Meyrick,,12/20/2020,Type B,Group 2,Part 2,$3088391.61,83.29,540
604,Margi Storey,,11/13/2020,Type C,Group 1,Part 2,$5694471.74,10.8,529
605,Christi Oxe,,3/6/2020,Type A,Group 1,Part 3,$3219866.64,36.41,18
606,Kit Spottiswoode,,4/22/2020,Type B,Group 3,Part 3,$1535372.83,47.98,765
607,Theresa Boullen,,8/8/2020,Type B,Group 1,Part 1,$7947663.23,41.81,165
608,Lorine Robus,,7/9/2020,Type C,Group 2,Part 3,$2228229.36,20.15,719
609,Corly Strettle,,9/15/2020,Type A,Group 2,Part 3,$7370464.25,72.58,819
610,Cordi Wilmott,Guerrero,12/20/2020,Type A,Group 2,Part 3,$513448.13,48.45,736
611,Marla Boteman,,8/8/2020,Type B,Group 1,Part 3,$2443459.92,44.71,362
612,Axel Verheijden,,11/25/2020,Type C,Group 3,Part 2,$8531877.84,1.22,411
613,Wyatan Palffrey,,1/3/2020,Type C,Group 1,Part 1,$8475231.21,48.36,690
614,Dougie Dominik,,6/16/2020,Type A,Group 2,Part 2,$7566042.71,28.62,497
615,Renado Glasson,,8/6/2020,Type B,Group 2,Part 2,$9874000.90,54.41,89
616,Kiri Ashington,,2/29/2020,Type B,Group 1,Part 3,$9810705.95,25.17,362
617,Cherida De la Perrelle,,6/10/2020,Type C,Group 2,Part 3,$6436647.60,6.07,799
618,Meagan Tollmache,,12/29/2020,Type A,Group 1,Part 3,$9020866.11,78.24,523
619,Garald Chorlton,,1/2/2020,Type C,Group 1,Part 1,$3363126.71,31.2,587
620,Marji Loudyan,,4/12/2020,Type A,Group 3,Part 3,$8603647.05,27.52,727
621,Thaxter McDonell,,6/21/2020,Type C,Group 1,Part 2,$3247346.43,6.03,749
622,Salomi Dobbings,Île-de-France,1/31/2020,Type A,Group 1,Part 3,$1196063.40,98.85,124
623,Raul Cleft,Andalucia,8/27/2020,Type C,Group 3,Part 2,$9166511.40,75.85,76
624,Leonerd Laughrey,Castilla - Leon,4/24/2020,Type B,Group 2,Part 1,$7122605.28,0.74,811
625,Emmie Helling,,6/2/2020,Type A,Group 3,Part 1,$8242950.30,71.56,798
626,Merrile Swede,,5/14/2020,Type A,Group 2,Part 2,$5577903.36,52.62,470
627,Claudina Garton,,6/30/2020,Type B,Group 1,Part 3,$4860606.43,28.61,669
628,Jamima Lothean,,9/4/2020,Type C,Group 1,Part 2,$5314903.00,24.51,752
629,Krisha Strangeways,,11/26/2020,Type B,Group 3,Part 1,$5024654.29,88.96,361
630,Carr Tilt,,6/22/2020,Type C,Group 1,Part 1,$1439859.48,2.61,436
631,Devi Boerder,,4/26/2020,Type C,Group 2,Part 2,$2496441.92,30.69,486
632,Nerita Gaylord,,10/18/2020,Type B,Group 2,Part 2,$6929793.50,69.73,243
633,Dusty Halfacre,,5/21/2020,Type C,Group 2,Part 3,$7671131.31,83.72,316
634,Nicolina Hainey,,7/12/2020,Type A,Group 3,Part 1,$692373.08,2.47,645
635,Caddric Hegg,,3/12/2020,Type C,Group 2,Part 2,$6873975.49,79.39,698
636,Brana Gabrieli,,5/11/2020,Type A,Group 1,Part 1,$1067648.58,91.65,281
637,Rouvin Olander,,4/1/2020,Type C,Group 3,Part 3,$2460225.95,11.91,173
638,Julio Hebron,Östergötland,3/8/2020,Type A,Group 2,Part 2,$6830697.65,44.59,72
639,Meggie Leband,Haute-Normandie,8/24/2020,Type B,Group 1,Part 2,$9437352.47,57.91,142
640,Gertrud Beccera,Veracruz Llave,1/29/2020,Type A,Group 1,Part 2,$2931939.28,88.14,256
641,Lira Forrestill,,10/30/2020,Type B,Group 2,Part 1,$545872.97,92.75,986
642,Port Casely,Île-de-France,12/25/2020,Type A,Group 3,Part 2,$2133821.05,66.97,160
643,Natka Loade,,8/10/2020,Type A,Group 2,Part 1,$1465108.19,99.74,21
644,Camellia Volett,,11/20/2020,Type B,Group 1,Part 1,$943737.57,28.65,579
645,Todd Vanes,,10/3/2020,Type A,Group 2,Part 2,$1685224.39,21.74,605
646,Garey Gowthorpe,,2/12/2020,Type B,Group 3,Part 2,$6360598.61,62.37,312
647,Felix Croal,,10/14/2020,Type A,Group 2,Part 3,$2118664.23,43.94,265
648,Lorne Galliard,,2/12/2020,Type A,Group 2,Part 1,$3706302.16,33.72,878
649,Ailene Ephson,,6/11/2020,Type C,Group 2,Part 3,$4680007.17,29.82,585
650,Bobbe Ox,Ilha de São Miguel,6/19/2020,Type B,Group 3,Part 1,$4185077.24,47.77,447
651,Harley Verney,,5/29/2020,Type A,Group 3,Part 3,$100267.13,62.8,270
652,Hillary Duligal,,11/22/2020,Type B,Group 2,Part 3,$8706611.30,40.06,602
653,Caprice Corre,Midi-Pyrénées,12/18/2020,Type A,Group 2,Part 3,$7459459.34,50.93,438
654,Jay Bavester,,11/26/2020,Type A,Group 3,Part 3,$1082060.58,23.61,432
655,Damita Puttock,,8/28/2020,Type C,Group 3,Part 2,$8521308.26,83.52,923
656,Cathleen Chastenet,,8/13/2020,Type B,Group 3,Part 2,$6333835.45,58.91,699
657,Ivar Marham,,12/30/2020,Type A,Group 2,Part 2,$6051452.96,56.39,772
658,Gipsy Kacheller,,8/2/2020,Type B,Group 3,Part 2,$2819335.41,92.96,733
659,Emmit Plant,,8/21/2020,Type B,Group 1,Part 2,$7240375.51,18.13,811
660,Reba Hunnam,,12/16/2020,Type C,Group 1,Part 2,$851693.46,93.26,589
661,Russell McGee,,12/22/2020,Type A,Group 1,Part 1,$2207480.85,97.56,1000
662,Ronalda Cadigan,,1/4/2020,Type B,Group 2,Part 3,$2660960.31,2.64,871
663,Jessalyn Itzakson,,3/10/2020,Type B,Group 3,Part 1,$3644798.40,89.14,767
664,Allissa McGinn,,1/27/2020,Type C,Group 1,Part 1,$8181253.13,48.69,75
665,Magdalene Stickles,,8/30/2020,Type A,Group 3,Part 2,$9772382.01,32.63,618
666,Quinta Kett,,5/8/2020,Type B,Group 2,Part 3,$4284134.32,0.5,891
667,Elmore Barti,,7/29/2020,Type A,Group 2,Part 3,$7749353.21,31.17,611
668,Vito Dymond,,10/31/2020,Type B,Group 3,Part 2,$3155722.23,88.91,548
669,Tatiania Hars,,7/24/2020,Type A,Group 3,Part 1,$2281866.22,69.83,856
670,Casper Murrells,,11/7/2020,Type B,Group 2,Part 3,$8338487.71,11.93,694
671,Zarla Renard,,12/10/2020,Type A,Group 3,Part 3,$5204748.09,24.87,137
672,Aeriell Jeenes,Colorado,11/19/2020,Type C,Group 1,Part 1,$1363085.61,97.92,153
673,Tedman Burles,,1/19/2020,Type C,Group 3,Part 1,$3320927.75,32.09,568
674,Frank Moff,,3/28/2020,Type B,Group 2,Part 1,$3879022.53,98.06,842
675,Read Staresmeare,,6/5/2020,Type C,Group 3,Part 3,$7212481.49,10.61,580
676,Harald Hryniewicki,,1/17/2020,Type B,Group 2,Part 1,$5383490.58,32.64,139
677,Wallas Londors,,8/2/2020,Type A,Group 3,Part 3,$6188842.35,69.12,668
678,Lulu Scambler,,6/11/2020,Type B,Group 2,Part 2,$1785486.64,23.49,558
679,Darsey Wisniewski,,1/4/2020,Type A,Group 1,Part 3,$4336888.51,10.27,47
680,Cynthea Spriggen,Saskatchewan,3/20/2020,Type C,Group 1,Part 1,$8771857.40,95.08,894
681,Orland Donegan,,6/6/2020,Type A,Group 3,Part 3,$4264211.25,35.37,851
682,Gretchen Frogley,,11/20/2020,Type A,Group 3,Part 3,$5638968.36,17.74,760
683,Juan Ambrosetti,Nordrhein-Westfalen,6/13/2020,Type C,Group 1,Part 2,$9642652.99,1.54,104
684,Sheri Adicot,,8/13/2020,Type A,Group 2,Part 3,$5540137.71,61.58,100
685,Joy Heaney,,8/3/2020,Type C,Group 2,Part 1,$7146163.10,75.1,504
686,Antonia Genty,Pays de la Loire,7/13/2020,Type A,Group 2,Part 3,$3832787.97,75.82,989
687,Hercules Andrag,,10/23/2020,Type B,Group 3,Part 3,$8206623.05,39.95,572
688,Olia Weinmann,,6/24/2020,Type C,Group 2,Part 2,$3471328.39,19.07,37
689,Agata Cosgry,,3/5/2020,Type C,Group 2,Part 3,$1733170.67,17.73,164
690,Iorgo Faichney,Languedoc-Roussillon,11/6/2020,Type C,Group 3,Part 3,$4031458.29,30.48,638
691,Baily Abley,,11/4/2020,Type B,Group 1,Part 3,$3196691.26,48.62,378
692,Carrissa Esberger,,2/6/2020,Type A,Group 3,Part 2,$253014.61,52.23,151
693,Gustav Stilgoe,,10/5/2020,Type C,Group 1,Part 3,$6916821.86,97.27,810
694,Pepita Haulkham,,3/19/2020,Type C,Group 3,Part 1,$2114785.60,79.3,876
695,Rosa Woolger,,3/3/2020,Type C,Group 2,Part 1,$7075097.84,49.93,513
696,Lin Calabry,,10/29/2020,Type B,Group 3,Part 3,$3963377.67,85.68,507
697,Rosaleen MacDermand,,9/17/2020,Type B,Group 1,Part 3,$2497910.43,20.06,287
698,Jule Hallward,,11/30/2020,Type C,Group 2,Part 1,$8988156.34,66.2,797
699,Phyllis Habble,,2/19/2020,Type C,Group 3,Part 3,$2631382.67,67.2,734
700,Orren Seakes,,9/21/2020,Type A,Group 3,Part 1,$8234125.38,43.37,858
701,Rosalind Tregien,,1/17/2020,Type C,Group 3,Part 1,$8904002.62,65.17,378
702,Jessie Goldfinch,,12/11/2020,Type A,Group 3,Part 2,$4869092.66,43.61,167
703,Mari Huet,,1/30/2020,Type B,Group 2,Part 3,$6961905.60,63.46,745
704,Alysa McNea,,6/25/2020,Type A,Group 3,Part 3,$9793750.87,41.01,115
705,Brett Bannard,,5/28/2020,Type C,Group 2,Part 3,$6828398.52,43.58,264
706,Mohandis Jurick,Coimbra,6/24/2020,Type C,Group 3,Part 3,$8178341.24,85.54,104
707,Pate Hayzer,,11/16/2020,Type A,Group 3,Part 2,$8313344.73,85.39,285
708,Bernadina Avarne,,6/20/2020,Type C,Group 3,Part 3,$5878723.00,41.93,484
709,Henry Doyle,,4/27/2020,Type C,Group 2,Part 1,$261061.65,15.47,816
710,Kaiser Romer,,5/31/2020,Type B,Group 2,Part 3,$1048849.14,92.81,259
711,Evvy Roper,Braga,1/25/2020,Type A,Group 1,Part 3,$1332269.93,26.76,756
712,Nisse Gapp,,10/9/2020,Type A,Group 2,Part 1,$8466411.48,63.21,769
713,Britney Meaking,,3/18/2020,Type C,Group 2,Part 1,$5699279.31,58.46,681
714,Zachariah Cholerton,,11/8/2020,Type A,Group 2,Part 1,$4618149.11,16.25,719
715,Piotr Gunton,,9/29/2020,Type C,Group 3,Part 2,$2347429.04,87.73,370
716,Darwin Merfin,,9/2/2020,Type B,Group 1,Part 3,$2665946.26,62.43,689
717,Caz Lowrey,,3/19/2020,Type B,Group 3,Part 1,$6123040.44,48.26,61
718,Zilvia Lumm,,8/5/2020,Type C,Group 3,Part 1,$9148561.44,88.73,875
719,Griff Bramstom,,2/14/2020,Type A,Group 2,Part 2,$6091026.69,60.2,659
720,Peadar Praundl,Provincie Zuid-Holland,11/13/2020,Type B,Group 2,Part 1,$3373664.51,68.43,546
721,Ingaborg Baldassi,,10/27/2020,Type C,Group 1,Part 2,$3318626.99,9.28,772
722,Renee Kleiner,,3/25/2020,Type B,Group 1,Part 2,$2712631.36,85.46,648
723,Merissa Asple,Veracruz Llave,2/26/2020,Type C,Group 3,Part 1,$8890628.85,84.06,365
724,Louisa Climar,,7/1/2020,Type B,Group 1,Part 1,$3647279.25,93.55,734
725,Ivett Spyvye,Alberta,3/21/2020,Type C,Group 1,Part 1,$3827979.33,20.35,71
726,Juanita Meadows,,3/17/2020,Type A,Group 2,Part 3,$7523139.64,22.03,238
727,Ida Mathers,Oslo,4/19/2020,Type C,Group 1,Part 1,$584676.74,37.2,584
728,Penrod Sallarie,,8/9/2020,Type C,Group 1,Part 1,$7658157.45,43.0,414
729,Anna-diane Carah,,10/22/2020,Type B,Group 2,Part 3,$559733.53,45.76,126
730,Elenore Isgate,,1/17/2020,Type C,Group 2,Part 2,$6648740.85,59.41,462
731,Cher Benkhe,,9/12/2020,Type A,Group 3,Part 1,$6583514.97,59.64,914
732,Justus Bloodworth,,9/21/2020,Type B,Group 3,Part 3,$3705753.20,51.6,259
733,Culver Birchenhead,,3/21/2020,Type B,Group 1,Part 2,$3525441.18,41.22,720
734,Loren Burkill,,10/13/2020,Type C,Group 3,Part 1,$6328350.91,1.76,151
735,Bunny Ginity,,6/29/2020,Type C,Group 2,Part 2,$7595828.36,82.98,70
736,Gerard Romanetti,,8/30/2020,Type A,Group 2,Part 1,$7099105.67,10.69,942
737,Alford Hatchard,Oaxaca,1/20/2020,Type C,Group 2,Part 1,$5888136.57,11.33,278
738,Salem Tabord,,3/31/2020,Type A,Group 2,Part 2,$3071149.80,16.67,681
739,Tildi Wenderott,Coahuila De Zaragoza,12/14/2020,Type A,Group 3,Part 2,$6029416.62,66.05,843
740,Naoma Oxtiby,,3/26/2020,Type B,Group 3,Part 3,$8377078.43,93.53,970
741,Terese Dener,New York,10/27/2020,Type C,Group 3,Part 3,$798112.70,82.89,450
742,Pace Pere,,10/11/2020,Type A,Group 2,Part 3,$3545595.30,63.59,992
743,Bettye Hakes,,5/6/2020,Type C,Group 1,Part 2,$6291697.14,41.95,996
744,Tiler Brislen,,6/29/2020,Type B,Group 3,Part 2,$6348647.29,81.51,749
745,Bess Staples,,4/4/2020,Type B,Group 2,Part 3,$9210807.93,64.5,856
746,Lauritz Harkus,,3/26/2020,Type A,Group 3,Part 3,$1654190.29,57.27,192
747,Franz Titchen,,10/20/2020,Type A,Group 2,Part 3,$3426562.05,82.92,559
748,Deane Bruckshaw,Porto,5/30/2020,Type A,Group 1,Part 1,$3196594.27,25.46,413
749,Felita MacAllester,Nunavut,10/21/2020,Type A,Group 3,Part 2,$7734453.25,80.71,310
750,Kacey Sharkey,,5/1/2020,Type A,Group 1,Part 2,$1650289.23,92.72,597
751,Eachelle Bampkin,,7/18/2020,Type B,Group 3,Part 1,$437889.01,21.83,260
752,Fleurette Paskerful,,11/13/2020,Type B,Group 3,Part 2,$8897043.20,96.58,164
753,Kailey Kupker,,5/25/2020,Type C,Group 3,Part 2,$1090781.18,18.14,668
754,Fifine Cathro,,1/24/2020,Type C,Group 1,Part 1,$2907004.05,87.9,727
755,Flora Dusey,,6/16/2020,Type C,Group 2,Part 1,$7413715.61,33.23,303
756,Rhetta Culp,,2/25/2020,Type B,Group 1,Part 1,$5909482.51,56.58,48
757,Esteban Lincey,,11/15/2020,Type C,Group 1,Part 1,$1757800.63,91.34,746
758,Fernandina Littlefair,,11/29/2020,Type B,Group 1,Part 3,$8295457.25,72.99,463
759,Belinda Matessian,Mecklenburg-Vorpommern,10/2/2020,Type B,Group 1,Part 2,$9405402.79,78.83,575
760,Armin Childs,,9/14/2020,Type B,Group 3,Part 3,$8997334.58,64.31,55
761,Teodoro Mandrier,,6/22/2020,Type C,Group 3,Part 3,$6024187.16,63.04,39
762,Karlee Cavaney,Budapest,6/26/2020,Type C,Group 2,Part 2,$8059023.13,16.82,129
763,Adriaens Fripp,,2/8/2020,Type A,Group 3,Part 1,$4257198.40,58.77,821
764,Tarrance Sabban,,11/23/2020,Type C,Group 1,Part 3,$1329777.60,41.57,726
765,Andy Clipson,,3/1/2020,Type B,Group 2,Part 3,$4138641.73,16.24,924
766,Riordan Sarfass,,4/12/2020,Type A,Group 3,Part 1,$3948681.55,42.03,735
767,Lira Axtell,,9/18/2020,Type A,Group 1,Part 2,$2247855.86,0.41,34
768,Gerik Ivanuschka,,9/27/2020,Type C,Group 3,Part 3,$7701674.49,95.9,688
769,Effie Rowles,,4/1/2020,Type B,Group 2,Part 1,$5346209.31,89.35,755
770,Yehudi Saurat,,9/21/2020,Type B,Group 1,Part 1,$263767.44,15.37,879
771,Morie Chaplyn,,6/1/2020,Type B,Group 1,Part 3,$5345145.77,10.47,66
772,Aldon Sheryne,,7/7/2020,Type A,Group 2,Part 3,$2327861.69,12.34,990
773,Livvyy McCraine,,1/3/2020,Type A,Group 3,Part 2,$7268972.53,55.58,279
774,Golda Haxbie,,12/14/2020,Type B,Group 3,Part 1,$1882957.20,33.43,450
775,Creighton Caroline,Region Hovedstaden,4/24/2020,Type A,Group 3,Part 3,$1859120.50,97.47,837
776,Isadore Faraker,,12/6/2020,Type A,Group 2,Part 2,$6521027.82,12.36,34
777,Laurette Radsdale,Stockholm,3/15/2020,Type A,Group 1,Part 3,$4263828.98,1.17,701
778,Theodora Adrienne,,8/30/2020,Type A,Group 3,Part 2,$8468037.94,47.64,322
779,Verney Howcroft,,12/5/2020,Type B,Group 1,Part 3,$1331017.33,80.65,60
780,Mauricio Burhill,,3/15/2020,Type A,Group 3,Part 1,$5563923.13,72.96,756
781,Griffie Emons,,6/27/2020,Type C,Group 2,Part 1,$9046209.01,5.68,343
782,Lurline Sherrell,,1/12/2020,Type B,Group 1,Part 1,$5320750.35,80.46,610
783,Annemarie O'Henecan,Skåne,10/2/2020,Type A,Group 1,Part 1,$8810513.10,70.06,754
784,Angelique Fulstow,,9/6/2020,Type A,Group 3,Part 1,$1646659.14,77.89,609
785,Bethina Howselee,,6/8/2020,Type C,Group 3,Part 2,$1324076.59,59.3,935
786,Lanny Towll,,2/22/2020,Type A,Group 3,Part 1,$4191164.34,32.22,274
787,Syman Bockmann,,11/21/2020,Type A,Group 2,Part 1,$5196480.73,97.16,297
788,Audie Nobes,,12/25/2020,Type B,Group 1,Part 3,$5472238.66,10.55,850
789,Chane Grayne,,10/26/2020,Type C,Group 1,Part 2,$5052409.79,33.05,960
790,Wandis Coppo,Ontario,3/23/2020,Type B,Group 2,Part 1,$3666506.90,55.89,341
791,Brigg Brash,,4/4/2020,Type B,Group 1,Part 1,$7316032.25,4.94,186
792,Jenilee Margarson,,12/30/2020,Type B,Group 1,Part 1,$804855.42,15.52,190
793,Freeland Arnault,Dalarna,11/19/2020,Type C,Group 1,Part 3,$966396.03,69.82,779
794,Kristy Landell,,7/19/2020,Type A,Group 3,Part 2,$884934.13,91.54,680
795,Patrice Hyett,,8/23/2020,Type A,Group 3,Part 2,$9590499.94,73.17,529
796,Lynea Joanic,,5/10/2020,Type A,Group 3,Part 1,$4312051.01,28.42,692
797,Francklin Alvey,,7/12/2020,Type A,Group 1,Part 3,$6117086.30,97.41,222
798,Margo Sarjeant,Rhône-Alpes,9/15/2020,Type C,Group 2,Part 2,$8986526.61,44.15,627
799,Emmerich Vannar,,12/23/2020,Type B,Group 2,Part 2,$6350270.69,23.56,896
800,Putnam Swain,,2/11/2020,Type A,Group 2,Part 3,$1082695.80,54.33,430
801,Dwight Portch,,4/14/2020,Type B,Group 2,Part 2,$3092585.16,45.65,286
802,Monique Zoane,Ilha de São Miguel,11/26/2020,Type C,Group 1,Part 1,$3261596.10,80.7,571
803,Fabe Flori,,9/21/2020,Type B,Group 1,Part 2,$4480325.06,83.83,152
804,Elizabet Grimwood,,4/8/2020,Type C,Group 1,Part 2,$1847586.87,19.98,908
805,Winny Summers,,8/23/2020,Type A,Group 3,Part 2,$1761066.30,50.76,394
806,Ewan Petrollo,,6/15/2020,Type C,Group 2,Part 3,$2775780.41,48.63,354
807,Olia Vasilyonok,,12/29/2020,Type A,Group 1,Part 1,$4029429.82,78.55,459
808,Kalie Di Biaggi,,1/28/2020,Type C,Group 1,Part 2,$2074794.63,33.32,84
809,Irma Lindwasser,Évora,11/23/2020,Type A,Group 2,Part 1,$9449988.11,12.0,861
810,Xever Cackett,,11/9/2020,Type B,Group 2,Part 1,$8537241.73,26.71,880
811,Jasper Malser,,3/7/2020,Type A,Group 2,Part 1,$7565535.15,52.04,313
812,Lucius Zanicchi,,7/13/2020,Type B,Group 2,Part 3,$929299.76,84.16,136
813,Corrinne Northen,,9/23/2020,Type A,Group 2,Part 1,$8817662.07,57.92,901
814,Darby Negus,,6/19/2020,Type B,Group 2,Part 3,$7880451.39,67.13,335
815,Cazzie Upstone,,1/27/2020,Type A,Group 1,Part 2,$7022955.51,35.54,812
816,Corny Stanwix,,3/22/2020,Type C,Group 3,Part 1,$827514.16,90.1,695
817,Ameline Beelby,,2/12/2020,Type B,Group 1,Part 3,$1313040.85,34.36,639
818,Flemming Springall,,6/9/2020,Type C,Group 2,Part 1,$9499608.18,44.58,427
819,Bourke Lipp,,9/26/2020,Type B,Group 1,Part 3,$2259650.64,43.88,660
820,Aurore Fishlee,,12/10/2020,Type A,Group 1,Part 2,$300322.63,59.15,867
821,Gretchen Taillard,Provincie Groningen,9/29/2020,Type B,Group 1,Part 3,$7909540.67,64.43,243
822,Angy Abramovici,,4/14/2020,Type B,Group 1,Part 2,$7503326.87,33.93,332
823,Elane Hanning,,10/23/2020,Type C,Group 3,Part 3,$7158932.10,99.96,741
824,Carola Zealey,,12/17/2020,Type C,Group 2,Part 2,$6163536.06,82.83,820
825,Giff Yanez,,8/3/2020,Type B,Group 2,Part 2,$2945185.13,97.34,599
826,Ilysa Giacopelo,,12/28/2020,Type C,Group 2,Part 2,$5345367.34,68.47,379
827,Lishe Dy,,6/24/2020,Type C,Group 1,Part 1,$6712025.77,92.38,81
828,Odey Julian,,3/31/2020,Type A,Group 2,Part 3,$2741555.28,31.0,630
829,Sal Coole,,4/25/2020,Type A,Group 2,Part 1,$4561389.45,34.85,375
830,Pamella Ivic,,7/2/2020,Type A,Group 3,Part 1,$3801597.18,46.36,677
831,Rocky Alvin,,10/26/2020,Type C,Group 1,Part 3,$5336657.83,7.85,157
832,Rafaelia Curson,Nevada,12/22/2020,Type A,Group 3,Part 3,$2855917.92,48.32,624
833,Jeanette Millichip,,12/27/2020,Type C,Group 2,Part 2,$744449.91,76.11,22
834,Ewell Thorrington,,6/7/2020,Type B,Group 3,Part 1,$64138.58,47.87,556
835,Juieta Toolan,,12/18/2020,Type C,Group 1,Part 1,$5293155.38,81.99,968
836,Mitch Gregan,,12/30/2020,Type A,Group 3,Part 2,$6507266.98,85.17,806
837,Madeline Demougeot,,11/15/2020,Type B,Group 3,Part 3,$3304077.37,4.07,953
838,Winn Bernhart,California,5/23/2020,Type B,Group 2,Part 3,$1858916.61,46.64,329
839,Bryna Bram,Texas,7/8/2020,Type B,Group 1,Part 2,$8451247.04,30.71,859
840,Constancia Simak,,10/23/2020,Type A,Group 1,Part 2,$1757808.74,13.8,248
841,Farrah Bodle,,5/2/2020,Type B,Group 1,Part 2,$4093752.82,64.63,294
842,Phillipp Ohlsen,,2/20/2020,Type C,Group 1,Part 2,$4704699.56,43.84,73
843,Feliks Kingsworth,,12/30/2020,Type A,Group 2,Part 3,$4504896.36,59.0,353
844,Carilyn Ramas,Jönköping,6/20/2020,Type A,Group 1,Part 3,$9121804.86,13.46,580
845,Krisha Finnick,,10/8/2020,Type C,Group 1,Part 2,$5971173.92,74.53,262
846,Ephrem Malins,,5/17/2020,Type A,Group 3,Part 3,$2344018.26,75.89,924
847,Alvera Aymerich,,4/17/2020,Type B,Group 2,Part 1,$2282661.21,26.83,900
848,Malchy Basezzi,,4/24/2020,Type C,Group 2,Part 2,$2942570.34,57.48,387
849,Willie Ginger,Illinois,3/22/2020,Type B,Group 2,Part 3,$1668295.59,72.74,437
850,Rhett Sugge,,9/15/2020,Type A,Group 1,Part 3,$9422854.64,68.83,846
851,Randy Philimore,,4/9/2020,Type A,Group 3,Part 1,$1027104.00,80.86,555
852,Steffen Vlies,,2/16/2020,Type A,Group 2,Part 3,$9697795.15,42.59,559
853,Brodie Germain,,6/28/2020,Type C,Group 1,Part 3,$8986305.75,93.08,561
854,Phaidra Amis,,8/8/2020,Type B,Group 3,Part 2,$7552027.52,11.26,742
855,Norah Elnaugh,Viana do Castelo,12/22/2020,Type C,Group 3,Part 2,$3866553.02,10.83,323
856,Leilah Gaytor,,12/5/2020,Type C,Group 2,Part 3,$534491.44,61.06,137
857,Shepard Huleatt,,3/7/2020,Type C,Group 1,Part 1,$1655024.33,27.99,577
858,Hildegaard Hadaway,,6/3/2020,Type C,Group 3,Part 3,$3353742.10,70.48,216
859,Herculie Frankowski,,1/16/2020,Type B,Group 1,Part 1,$1513177.02,76.69,591
860,Melissa Merfin,Midi-Pyrénées,10/27/2020,Type A,Group 2,Part 3,$9065168.99,2.53,980
861,Prentice Spikins,,9/21/2020,Type C,Group 1,Part 1,$5703998.62,37.66,17
862,Gery Lidgely,Braga,5/27/2020,Type C,Group 2,Part 2,$4002901.52,39.83,182
863,Aleksandr Lindroos,,9/13/2020,Type B,Group 1,Part 2,$1449873.14,28.86,407
864,Fredrick Ludwell,,3/17/2020,Type A,Group 1,Part 3,$84297.12,51.43,613
865,Gerry Leese,,11/17/2020,Type B,Group 1,Part 2,$8914453.53,79.29,744
866,Sydney Jobern,,5/20/2020,Type A,Group 2,Part 3,$3191106.36,69.98,744
867,Friederike Churchin,,12/1/2020,Type C,Group 2,Part 3,$4975478.05,76.88,54
868,Nikki Bolt,,9/15/2020,Type A,Group 1,Part 3,$1218581.02,93.44,559
869,Kristofor Altham,,6/22/2020,Type B,Group 2,Part 2,$5590309.19,35.04,812
870,Marjy Easby,,9/14/2020,Type B,Group 2,Part 3,$9765251.21,55.87,863
871,Nero Mowsley,British Columbia,6/23/2020,Type C,Group 3,Part 1,$8992829.30,66.65,299
872,Daren Florentine,Lazio,5/9/2020,Type C,Group 1,Part 2,$6302212.90,89.25,619
873,Faythe Dominichelli,,8/29/2020,Type C,Group 2,Part 2,$2920077.06,39.57,331
874,Felicdad Heninghem,,6/14/2020,Type B,Group 2,Part 2,$6445843.55,76.19,693
875,Alessandro Elverston,Nord-Pas-de-Calais,4/27/2020,Type B,Group 1,Part 1,$9095384.63,90.11,569
876,Boycie Abdee,,1/17/2020,Type C,Group 3,Part 2,$8575953.60,77.05,479
877,Lauretta Gulliman,,8/30/2020,Type C,Group 2,Part 2,$2512590.47,67.71,647
878,Brody Partener,,12/13/2020,Type A,Group 1,Part 1,$1399587.68,34.53,528
879,Sax Kippins,,9/19/2020,Type B,Group 3,Part 2,$2067985.58,60.87,53
880,Marty Currie,,6/25/2020,Type A,Group 3,Part 2,$9723991.00,35.45,283
881,Jamal Ferre,,9/28/2020,Type C,Group 3,Part 2,$7877175.76,4.9,425
882,Stephan Dunnico,,12/28/2020,Type A,Group 1,Part 1,$383568.95,59.28,983
883,Benedetto Burberry,,4/17/2020,Type A,Group 2,Part 1,$6532403.94,66.45,308
884,Rennie Sickamore,,5/15/2020,Type B,Group 2,Part 1,$7684726.23,94.08,240
885,Gregor Cutmere,,10/15/2020,Type C,Group 3,Part 3,$7374442.96,98.25,88
886,Carmine Troth,,9/17/2020,Type A,Group 2,Part 2,$2173678.34,56.59,907
887,Gasper Champniss,,1/25/2020,Type C,Group 1,Part 3,$9431631.55,89.09,905
888,Billy Caddick,,6/7/2020,Type A,Group 1,Part 1,$2143349.95,10.99,374
889,Morgen Kunisch,,1/26/2020,Type A,Group 1,Part 3,$6808724.99,51.98,914
890,Rancell Chesnut,,1/30/2020,Type C,Group 1,Part 2,$8917552.60,2.86,969
891,Mady Kassidy,,11/10/2020,Type B,Group 2,Part 3,$7406726.57,3.5,143
892,Jecho Litel,,10/19/2020,Type B,Group 2,Part 2,$5687516.51,33.59,609
893,Charmine Deppen,,8/13/2020,Type B,Group 3,Part 3,$1982238.55,23.21,383
894,Guntar Whorf,,7/3/2020,Type B,Group 3,Part 2,$6858868.95,52.36,737
895,Parry Kingcott,,11/6/2020,Type A,Group 2,Part 2,$2874773.74,4.89,217
896,Caritta Bentjens,,7/29/2020,Type A,Group 3,Part 2,$396918.48,56.81,40
897,Clive Hubbuck,,8/25/2020,Type A,Group 2,Part 1,$529244.65,84.8,890
898,Larry Markushkin,Chiapas,6/26/2020,Type A,Group 3,Part 1,$1760572.84,58.54,924
899,Brady Birtonshaw,,1/17/2020,Type C,Group 1,Part 3,$7858403.33,99.71,952
900,Cherish Leghorn,,12/23/2020,Type B,Group 3,Part 3,$5598436.66,87.44,555
901,Rafaellle Castellanos,,5/6/2020,Type B,Group 1,Part 3,$872830.74,48.61,333
902,Zacharia Marlen,,12/8/2020,Type A,Group 2,Part 3,$944760.74,31.1,996
903,Dennison Bennie,,5/1/2020,Type C,Group 3,Part 1,$5315874.58,99.47,735
904,Fidela Thomassen,Norrbotten,7/4/2020,Type C,Group 1,Part 3,$5675855.99,7.71,251
905,Neddy MacDwyer,,4/12/2020,Type B,Group 1,Part 2,$7334028.59,75.74,575
906,Tamera Tomankowski,,11/8/2020,Type B,Group 3,Part 1,$5625794.96,70.36,486
907,Boy Halversen,,3/2/2020,Type A,Group 1,Part 3,$7794194.99,77.38,651
908,Harlie Kleinmintz,Coahuila De Zaragoza,6/25/2020,Type C,Group 2,Part 3,$8673151.22,58.9,682
909,Doralynne Fursey,,1/22/2020,Type C,Group 1,Part 1,$9314444.67,22.18,171
910,Olga Devereux,,2/18/2020,Type A,Group 2,Part 3,$1004232.80,64.92,922
911,Tally Hoodspeth,,5/12/2020,Type B,Group 2,Part 3,$4136051.41,73.7,820
912,Devan Simic,,1/1/2020,Type B,Group 1,Part 2,$3520578.23,39.61,656
913,Buiron Carlisso,,4/3/2020,Type B,Group 1,Part 1,$9639331.73,15.2,471
914,Grant Syddie,,6/25/2020,Type C,Group 3,Part 2,$8357370.56,57.75,410
915,Giacinta Mackinder,,1/29/2020,Type B,Group 3,Part 1,$2522667.92,14.91,752
916,Shanie Scirman,,9/10/2020,Type A,Group 2,Part 1,$6511964.08,89.97,121
917,Krystalle Tydd,Porto,5/25/2020,Type B,Group 1,Part 2,$1472685.24,94.61,115
918,Forest Howell,,4/3/2020,Type A,Group 2,Part 1,$1889528.28,8.19,603
919,Kipp Hacker,Vaslui,4/19/2020,Type A,Group 3,Part 2,$131075.28,25.42,298
920,Duffie Sales,Tasmania,9/25/2020,Type B,Group 2,Part 1,$8403167.86,95.65,195
921,Jephthah Baynton,,9/30/2020,Type B,Group 1,Part 1,$2770118.69,37.68,274
922,Tiler Frankton,,12/21/2020,Type B,Group 2,Part 3,$7734185.29,49.92,690
923,Mara Jackling,,9/17/2020,Type C,Group 1,Part 1,$6633297.05,82.11,185
924,Elysia Dougan,Budapest,5/12/2020,Type C,Group 3,Part 3,$4544789.83,86.99,333
925,Ariana Murphey,,11/10/2020,Type A,Group 2,Part 1,$3393504.64,32.72,211
926,Bonnee Hedgecock,,8/18/2020,Type A,Group 2,Part 3,$9971870.21,0.03,345
927,Fonzie Swainsbury,,12/27/2020,Type C,Group 2,Part 1,$4730298.79,68.81,263
928,Clarke Bunyard,,6/29/2020,Type C,Group 1,Part 1,$7595788.09,53.65,923
929,Arlin Potte,,10/29/2020,Type A,Group 3,Part 2,$2029594.35,12.3,418
930,Stacey Starkings,Québec,11/6/2020,Type C,Group 2,Part 3,$4683053.67,58.82,571
931,Phylis Choke,,2/10/2020,Type A,Group 2,Part 2,$7740203.04,59.36,604
932,Jethro Keave,,6/3/2020,Type C,Group 1,Part 2,$5885284.19,95.89,142
933,Amelita Pillington,Pulau Pinang,10/4/2020,Type A,Group 3,Part 2,$4006426.79,58.37,881
934,Marieann Colgrave,,11/7/2020,Type B,Group 1,Part 1,$4182857.05,75.16,33
935,Shaine Breslau,,4/12/2020,Type A,Group 1,Part 3,$5252719.44,0.34,928
936,Haskell Sproule,,1/15/2020,Type C,Group 3,Part 2,$7581907.84,91.07,278
937,Randene De Cristofalo,,4/3/2020,Type C,Group 2,Part 2,$9635907.20,87.23,444
938,Whitman Maylott,,6/13/2020,Type A,Group 2,Part 2,$2385365.83,46.27,987
939,Alexa Vidloc,,7/23/2020,Type A,Group 1,Part 1,$6170133.71,62.3,369
940,Hetty Denny,,12/17/2020,Type A,Group 3,Part 1,$6732955.39,94.22,371
941,Gardie Thirlwell,,9/14/2020,Type A,Group 2,Part 2,$5360895.84,8.94,341
942,Brenna Duck,Rhône-Alpes,4/25/2020,Type B,Group 3,Part 3,$6812306.09,98.21,148
943,Trisha Curson,Bragança,12/4/2020,Type A,Group 1,Part 1,$7619902.91,33.27,941
944,Mabelle Stothert,,8/6/2020,Type C,Group 2,Part 2,$5922511.04,21.7,544
945,Nicko Garrud,,3/1/2020,Type C,Group 3,Part 2,$2612751.01,84.26,786
946,Alix Duggon,,8/1/2020,Type B,Group 1,Part 3,$3358189.25,45.43,668
947,Genovera Pacitti,,10/5/2020,Type A,Group 2,Part 3,$3811620.13,43.27,264
948,Keen Riccelli,,2/9/2020,Type A,Group 1,Part 1,$7833104.27,32.7,877
949,Demeter Casini,,9/8/2020,Type A,Group 3,Part 3,$6627416.56,93.02,15
950,Orsola Salsbury,,10/14/2020,Type B,Group 1,Part 1,$950910.10,0.0,126
951,Tersina Tweed,Picardie,10/28/2020,Type B,Group 1,Part 1,$5832998.84,16.36,109
952,Etta Machel,Provence-Alpes-Côte d'Azur,6/6/2020,Type A,Group 2,Part 3,$5877587.51,32.42,739
953,Camilla Lurner,,8/12/2020,Type C,Group 3,Part 3,$6635651.69,78.28,574
954,Emalia Huton,,3/11/2020,Type A,Group 3,Part 3,$1026646.01,70.62,169
955,Sonny Boneham,,7/21/2020,Type B,Group 3,Part 1,$2735688.26,6.8,426
956,Lenee Realff,British Columbia,10/2/2020,Type A,Group 3,Part 1,$2706011.96,61.98,408
957,Schuyler Hamly,,3/15/2020,Type B,Group 2,Part 3,$5206001.27,3.91,147
958,Schuyler Robens,,5/1/2020,Type A,Group 2,Part 1,$6834389.88,8.09,83
959,Konstantine Caneo,,11/18/2020,Type A,Group 2,Part 1,$6218730.80,81.7,209
960,Aveline Poletto,,6/2/2020,Type C,Group 1,Part 2,$3018618.43,21.67,357
961,Sibyl Shaxby,,4/4/2020,Type B,Group 2,Part 2,$7746103.52,71.33,852
962,Hank Oswal,,5/10/2020,Type A,Group 1,Part 1,$61731.94,11.76,138
963,Joellyn Triplow,,7/31/2020,Type A,Group 3,Part 2,$4634233.88,27.67,124
964,Tiffanie MacCague,,3/11/2020,Type C,Group 2,Part 2,$7986719.85,95.33,835
965,Roz Baldi,,4/17/2020,Type C,Group 2,Part 2,$4328434.53,94.0,654
966,Howard Enrietto,,1/11/2020,Type A,Group 3,Part 3,$3360361.58,32.22,760
967,Nelia Birds,,10/30/2020,Type A,Group 1,Part 3,$7042997.70,16.78,752
968,Noreen Flade,,8/12/2020,Type B,Group 2,Part 3,$6543128.30,91.76,619
969,Gerrie MacGilfoyle,,11/27/2020,Type B,Group 3,Part 3,$7446514.67,27.01,614
970,Jaymie Attle,,4/20/2020,Type C,Group 3,Part 3,$2310317.90,81.32,452
971,Karyl Weston,,10/5/2020,Type C,Group 2,Part 1,$7054799.31,69.68,562
972,Elsinore Grandham,,10/6/2020,Type C,Group 2,Part 1,$2920629.54,65.64,93
973,Elise Spoole,,7/23/2020,Type B,Group 1,Part 1,$4706997.32,12.98,265
974,Angel Spellesy,,7/11/2020,Type C,Group 3,Part 1,$4279111.31,64.29,556
975,Kylie Bispham,,8/3/2020,Type C,Group 1,Part 3,$7336245.71,67.76,6
976,Brynn Mostin,,5/28/2020,Type C,Group 2,Part 2,$4516096.32,17.3,964
977,Yettie Mc Gorley,,1/17/2020,Type A,Group 1,Part 3,$9358108.14,79.09,781
978,Ellen Briars,,2/16/2020,Type C,Group 3,Part 3,$9199244.16,10.87,939
979,Giana Barrow,,10/24/2020,Type C,Group 2,Part 1,$37513.16,24.76,126
980,Tadeo Dionis,Missouri,5/4/2020,Type B,Group 2,Part 2,$4120747.76,53.56,466
981,Josefa Chiplen,,9/23/2020,Type C,Group 2,Part 3,$6874601.14,78.61,185
982,Marlyn Harral,,2/26/2020,Type B,Group 3,Part 2,$4574878.03,47.44,433
983,Karia Blaxeland,,2/8/2020,Type B,Group 3,Part 1,$8901750.35,27.63,850
984,Becca Beminster,,8/5/2020,Type B,Group 3,Part 1,$3375908.91,21.91,103
985,Dinny Fenny,,9/15/2020,Type B,Group 1,Part 1,$4928005.64,22.79,708
986,Lorne Lackmann,,11/15/2020,Type B,Group 2,Part 2,$6696485.06,91.48,441
987,Eileen Cauley,,6/16/2020,Type B,Group 1,Part 3,$4383461.73,41.81,79
988,Barton Benoy,,9/6/2020,Type B,Group 2,Part 3,$2805825.86,40.52,89
989,Constancy Etchingham,,8/28/2020,Type C,Group 3,Part 3,$1076050.95,83.59,490
990,Gerrie Yare,,12/25/2020,Type B,Group 2,Part 3,$9501938.80,30.0,336
991,Baxter Wartnaby,,8/30/2020,Type B,Group 1,Part 2,$5160581.33,65.15,159
992,Ludvig Dannatt,,11/22/2020,Type C,Group 1,Part 1,$1266617.46,43.83,470
993,Hettie Eouzan,,6/24/2020,Type C,Group 2,Part 3,$703398.73,39.86,767
994,Chadwick Ridpath,,8/13/2020,Type B,Group 2,Part 3,$615372.64,32.33,11
995,Sheila-kathryn Lintin,,9/19/2020,Type B,Group 1,Part 3,$3705485.55,1.89,758
996,Marin Matteini,,3/2/2020,Type B,Group 3,Part 1,$5424665.59,66.76,593
997,Claiborn Oliver-Paull,,9/22/2020,Type A,Group 2,Part 3,$7927135.34,23.26,208
998,Jo ann Broker,,2/2/2020,Type C,Group 2,Part 2,$9224586.77,26.15,453
999,Bert Capstack,Bretagne,5/13/2020,Type A,Group 2,Part 1,$6724049.66,54.28,227
1000,Bernete Paxforde,,6/9/2020,Type C,Group 2,Part 1,$7736578.92,39.69,14
