TransactionID,Salesperson,State,Month,Type,Group,Part,Sales,Margin,Quantity
1,Bernie Laboune,,5/9/2020,Type C,Group 3,Part 1,$1859536.82,31.3,195
2,Trevor Roffey,,4/24/2020,Type A,Group 3,Part 2,$9695708.53,66.61,732
3,Lucy Lukesch,,2/24/2020,Type A,Group 1,Part 3,$8024867.96,12.73,989
4,Leanor Kibbel,,5/31/2020,Type A,Group 1,Part 1,$3411546.54,89.31,717
5,Helli Capron,,3/31/2020,Type B,Group 1,Part 2,$7204677.98,35.49,274
6,Noelle Stiegars,,11/9/2020,Type A,Group 2,Part 2,$4284269.18,31.85,549
7,Linn Constantinou,,3/24/2020,Type B,Group 1,Part 1,$7552835.40,55.75,358
8,Merci Barras,,12/26/2020,Type A,Group 2,Part 2,$7899524.55,66.08,881
9,Bard McRorie,Ilha de São Miguel,8/3/2020,Type B,Group 3,Part 2,$3120993.97,1.49,731
10,Aurlie Conibere,,11/23/2020,Type A,Group 2,Part 3,$5454811.29,69.23,246
11,Edan Whitewood,,1/20/2020,Type C,Group 1,Part 1,$4234114.49,55.54,510
12,Christel Huglin,Västra Götaland,2/29/2020,Type C,Group 3,Part 3,$2883812.41,21.38,222
13,Scarlet Parvin,Västerbotten,2/14/2020,Type A,Group 1,Part 3,$5124689.84,16.68,398
14,Dukie Kassel,,12/9/2020,Type C,Group 3,Part 1,$2561042.29,0.36,591
15,Royall Frapwell,,11/29/2020,Type C,Group 3,Part 2,$8835781.49,78.13,286
16,Colan Titcom,,4/9/2020,Type C,Group 3,Part 3,$8147379.76,68.48,106
17,Yancey Duhig,,1/30/2020,Type A,Group 3,Part 3,$918340.85,29.41,986
18,Wanids Klemke,,3/10/2020,Type C,Group 1,Part 1,$1382839.30,82.17,424
19,Emmerich Jopp,,4/20/2020,Type C,Group 2,Part 2,$7689997.43,88.51,6
20,Gasper Marchbank,Montana,8/27/2020,Type A,Group 1,Part 2,$4156100.19,8.09,162
21,Karrie Luker,,11/11/2020,Type C,Group 3,Part 2,$7409436.16,69.06,42
22,Lyle Reynold,,10/13/2020,Type C,Group 3,Part 3,$5503346.37,20.03,816
23,Darrel Hagergham,,6/28/2020,Type A,Group 3,Part 1,$7931774.88,14.03,476
24,Dorris Pencott,,7/28/2020,Type A,Group 2,Part 1,$6793795.73,57.8,562
25,Antonius Lortz,,4/20/2020,Type A,Group 1,Part 3,$9427722.30,52.72,503
26,Anthiathia Colliar,,10/7/2020,Type B,Group 1,Part 3,$4485096.44,75.06,321
27,Ainslie Beniesh,Virginia,1/24/2020,Type A,Group 3,Part 1,$6696912.81,38.24,839
28,Danila Dunsmuir,,6/21/2020,Type B,Group 3,Part 3,$7484343.91,4.78,952
29,Elmo Corless,,11/6/2020,Type C,Group 3,Part 3,$1457521.16,33.58,910
30,Sol Seally,,1/1/2020,Type C,Group 2,Part 1,$3303094.49,30.57,606
31,Ella Lawlor,,7/5/2020,Type B,Group 2,Part 3,$1118569.80,41.59,708
32,Janeta Crafter,,11/3/2020,Type A,Group 2,Part 2,$4622954.24,46.42,783
33,Eleen Stark,Mississippi,8/12/2020,Type B,Group 3,Part 1,$9329374.18,13.77,697
34,Kristi Guerrier,,4/17/2020,Type C,Group 3,Part 1,$5809173.20,54.57,211
35,Mellisa Calbrathe,,5/13/2020,Type C,Group 1,Part 2,$9548129.49,61.65,229
36,Lovell Powers,,9/24/2020,Type A,Group 2,Part 2,$2455099.90,41.68,655
37,Stan Boolsen,,5/17/2020,Type A,Group 1,Part 2,$111506.00,45.68,439
38,Ernestus Manass,,3/17/2020,Type C,Group 3,Part 2,$521633.01,60.71,451
39,Aleta Filyakov,,12/14/2020,Type A,Group 2,Part 2,$9844577.09,34.05,888
40,Enrica Androletti,,7/27/2020,Type B,Group 3,Part 2,$2587377.61,26.27,885
41,Raquel Evenett,,2/14/2020,Type B,Group 3,Part 2,$6536863.06,25.59,800
42,Yuri Brogini,,5/22/2020,Type C,Group 3,Part 3,$9276150.09,0.24,623
43,Donalt Dole,,10/7/2020,Type A,Group 1,Part 3,$1857277.19,2.33,587
44,Delia Bollini,,4/16/2020,Type A,Group 1,Part 1,$978900.07,99.79,830
45,Rudie Brookwood,Region Hovedstaden,7/28/2020,Type B,Group 3,Part 2,$7365535.69,17.09,483
46,Casar Ebbage,,7/20/2020,Type C,Group 3,Part 1,$9203376.12,67.79,35
47,Kinny Truggian,,2/23/2020,Type C,Group 1,Part 1,$3125522.43,85.42,337
48,Tallie Cowans,,4/5/2020,Type B,Group 2,Part 1,$1590454.72,29.92,21
49,Donielle Hardacre,,4/5/2020,Type B,Group 3,Part 3,$5430813.48,41.6,889
50,Ailene Jedraszek,,8/19/2020,Type B,Group 1,Part 3,$4965824.57,13.98,531
51,Georgetta MacIver,,7/31/2020,Type B,Group 3,Part 3,$3755685.62,32.54,310
52,Anastasia Waadenburg,,6/30/2020,Type C,Group 3,Part 2,$7906423.46,60.88,200
53,Fletch Mabbs,,1/20/2020,Type B,Group 3,Part 2,$2701823.39,74.81,400
54,Jaquelyn Kaminski,,10/7/2020,Type A,Group 2,Part 3,$3537563.73,87.77,105
55,Chelsy Bolle,,10/6/2020,Type A,Group 1,Part 3,$6666889.28,91.5,858
56,Blinni Coytes,,4/25/2020,Type C,Group 2,Part 3,$7083065.01,91.45,198
57,Chelsie Quinnette,,10/29/2020,Type A,Group 3,Part 1,$5316249.95,62.87,705
58,Binni Glossop,,6/10/2020,Type B,Group 1,Part 1,$6521707.15,40.3,282
59,Almeda Wildblood,,10/1/2020,Type A,Group 1,Part 2,$6614233.74,55.3,782
60,Ashby Allingham,,7/1/2020,Type A,Group 3,Part 3,$3793333.95,7.92,61
61,Temple Ciccarello,,6/28/2020,Type B,Group 3,Part 3,$584903.35,77.51,477
62,Stephenie Yakob,,5/14/2020,Type A,Group 2,Part 1,$4097327.93,53.17,733
63,Guendolen Titlow,,2/26/2020,Type A,Group 2,Part 2,$272113.23,17.74,844
64,Tomlin Boddymead,,11/26/2020,Type B,Group 1,Part 1,$5349974.19,60.42,49
65,Randy Kealy,,4/6/2020,Type C,Group 1,Part 3,$2464381.43,12.09,913
66,Nady Timoney,,9/22/2020,Type A,Group 1,Part 1,$4143939.08,4.41,981
67,Lissa Swyer,Norrbotten,12/10/2020,Type B,Group 2,Part 1,$6129522.49,20.27,815
68,Heinrick Rust,,8/30/2020,Type B,Group 2,Part 2,$2039100.98,84.74,697
69,Trula Cowcha,,12/25/2020,Type B,Group 1,Part 1,$5617410.71,53.11,124
70,Angeline Allbut,,9/9/2020,Type B,Group 1,Part 3,$7780245.51,45.99,894
71,Dominga Rugieri,Georgia,4/20/2020,Type C,Group 1,Part 1,$9332735.48,2.41,895
72,Leonelle Hemerijk,,7/13/2020,Type C,Group 3,Part 3,$1790560.97,7.48,703
73,Gayelord Fardy,,1/4/2020,Type C,Group 1,Part 1,$4126953.94,51.18,657
74,Antonetta Halloway,,1/5/2020,Type A,Group 2,Part 3,$7117733.55,25.45,562
75,Tedd Simoes,,8/24/2020,Type B,Group 2,Part 2,$1759469.58,70.21,38
76,Eula Eade,,7/10/2020,Type C,Group 3,Part 3,$3446605.61,42.39,497
77,Una Wilderspoon,Jalisco,10/8/2020,Type C,Group 3,Part 3,$6292308.44,17.99,420
78,Cathe Slade,,12/21/2020,Type B,Group 1,Part 1,$5616271.37,6.87,986
79,Jackqueline Couttes,,11/27/2020,Type A,Group 2,Part 1,$2764364.97,96.46,367
80,Rachael Anfosso,,5/30/2020,Type A,Group 1,Part 1,$7733611.49,68.08,709
81,Neely De la Feld,Västra Götaland,6/8/2020,Type A,Group 3,Part 2,$3320741.76,60.3,541
82,Hernando Halward,,1/26/2020,Type A,Group 2,Part 2,$7485366.58,0.26,429
83,Christalle Gontier,,5/12/2020,Type A,Group 2,Part 2,$9865900.22,44.13,486
84,Noellyn McKleod,Bourgogne,8/23/2020,Type B,Group 3,Part 1,$3910945.24,78.58,699
85,Teodoro Fillimore,North Carolina,6/25/2020,Type B,Group 2,Part 3,$937898.44,23.21,81
86,Shelton Dahlgren,,9/7/2020,Type C,Group 3,Part 1,$7444083.66,37.11,665
87,Aurlie Tyres,,6/23/2020,Type B,Group 1,Part 2,$9590619.71,25.69,953
88,Hubert Brearley,Florida,5/18/2020,Type C,Group 1,Part 3,$4882540.86,93.84,771
89,Mame Pelzer,,5/16/2020,Type A,Group 1,Part 3,$3067367.26,58.86,863
90,Lacie Rozea,,11/15/2020,Type B,Group 3,Part 2,$9725017.41,32.31,848
91,Dre Seadon,,12/26/2020,Type A,Group 3,Part 3,$8500845.31,49.45,694
92,Robina Tosh,,1/7/2020,Type A,Group 1,Part 3,$5454398.52,65.68,848
93,Amandi Suttaby,,4/24/2020,Type A,Group 2,Part 3,$8227431.86,33.49,621
94,Viviana Cottom,,7/21/2020,Type A,Group 1,Part 3,$2827785.73,96.28,972
95,Dalenna Gosz,,9/23/2020,Type A,Group 2,Part 2,$1305923.29,87.23,625
96,Concordia Keegan,,11/17/2020,Type B,Group 3,Part 1,$2011091.87,81.57,425
97,Adeline Couch,,5/15/2020,Type C,Group 3,Part 2,$3174403.21,11.8,34
98,Melony Papaccio,,9/9/2020,Type A,Group 3,Part 2,$1353974.74,14.14,954
99,Amalea Whitley,,6/5/2020,Type A,Group 2,Part 2,$5329112.52,92.61,142
100,Tabby Bettington,,7/24/2020,Type A,Group 1,Part 1,$6695259.13,81.35,774
101,Ettore Backen,,3/12/2020,Type A,Group 3,Part 2,$847918.20,95.4,804
102,Gabriele Boreland,,2/3/2020,Type C,Group 1,Part 2,$1174326.03,89.96,307
103,Maximilian Carlsen,Île-de-France,10/16/2020,Type B,Group 3,Part 2,$899670.87,27.87,349
104,Tally Keir,,8/30/2020,Type A,Group 3,Part 1,$9953469.61,15.66,286
105,Rebe Western,,3/16/2020,Type B,Group 1,Part 3,$4228626.33,67.64,143
106,Charin Gillicuddy,,3/30/2020,Type B,Group 1,Part 3,$669117.10,46.79,922
107,Farand Stapleton,Newfoundland and Labrador,11/17/2020,Type C,Group 1,Part 2,$223324.52,48.65,472
108,Vittorio Peschet,,10/20/2020,Type A,Group 3,Part 2,$5625004.99,24.72,728
109,Madalyn Ausher,,3/17/2020,Type A,Group 1,Part 1,$461839.66,90.61,326
110,Lilia Towler,,9/6/2020,Type C,Group 1,Part 1,$9961200.24,53.09,333
111,Constantine Gavaghan,,3/25/2020,Type A,Group 3,Part 1,$2775475.20,81.73,864
112,Guthry Pippin,,12/17/2020,Type C,Group 1,Part 2,$9798099.78,9.53,196
113,Zebedee Letts,,2/18/2020,Type C,Group 1,Part 3,$5814295.62,8.78,514
114,Christophe Ouldcott,,2/3/2020,Type A,Group 1,Part 1,$7138579.88,40.3,677
115,Noni Bodham,,10/31/2020,Type C,Group 3,Part 3,$6647946.38,65.47,273
116,Amalee Giraudat,,3/30/2020,Type B,Group 1,Part 1,$1413618.83,69.36,950
117,Pru Kilbourn,,12/7/2020,Type A,Group 1,Part 1,$3853714.90,93.12,415
118,Shani Merrell,Provincie Noord-Brabant,2/22/2020,Type A,Group 2,Part 3,$9685207.01,81.77,92
119,Marie Roswarn,,4/29/2020,Type C,Group 1,Part 3,$2357345.76,94.27,871
120,Domingo Gioan,Nord-Pas-de-Calais,9/2/2020,Type A,Group 3,Part 2,$24530.30,75.09,294
121,Mara Giannini,,8/12/2020,Type A,Group 2,Part 2,$3329421.22,86.56,250
122,Franklin Tidball,,6/12/2020,Type B,Group 2,Part 2,$6865592.49,75.46,103
123,Brant Anan,,9/1/2020,Type B,Group 1,Part 1,$2736987.40,93.73,132
124,Karie Hundell,,4/30/2020,Type A,Group 3,Part 2,$5717707.51,77.2,374
125,Benedicta Zipsell,,7/28/2020,Type C,Group 3,Part 2,$6040486.94,95.45,237
126,Gregoire Rickets,Setúbal,6/23/2020,Type B,Group 1,Part 2,$7217610.23,85.11,106
127,Sid Brim,,10/12/2020,Type B,Group 3,Part 3,$8507518.65,63.06,703
128,Cosmo Siward,,5/5/2020,Type A,Group 3,Part 1,$9638469.36,51.05,917
129,Fernanda Gumey,England,3/31/2020,Type B,Group 1,Part 2,$2255226.79,70.67,704
130,Nollie Sieghard,,7/16/2020,Type C,Group 1,Part 2,$6723855.36,29.71,597
131,Yalonda Syseland,,10/29/2020,Type C,Group 2,Part 1,$7641334.59,17.49,880
132,Danila Sergean,,11/6/2020,Type B,Group 3,Part 3,$6056095.58,96.89,167
133,Benny Caygill,,2/6/2020,Type A,Group 2,Part 2,$919895.09,18.04,910
134,Wittie Esparza,,1/15/2020,Type B,Group 3,Part 1,$9089066.04,12.01,670
135,Sheila Chichgar,,3/16/2020,Type C,Group 1,Part 2,$3374682.53,91.87,200
136,Corie Baccus,,4/15/2020,Type C,Group 1,Part 2,$5912662.62,8.91,263
137,Dalli Pinder,,12/1/2020,Type A,Group 3,Part 3,$2216369.27,91.11,202
138,Carlie Trigwell,Chiapas,4/22/2020,Type C,Group 3,Part 1,$982356.04,12.92,989
139,Nial Tomaskunas,Selangor,3/14/2020,Type B,Group 1,Part 1,$1043620.05,37.43,185
140,Erny O' Byrne,,6/30/2020,Type A,Group 1,Part 3,$9077838.68,46.75,724
141,Kally Crosser,,4/16/2020,Type A,Group 2,Part 1,$7358361.91,24.51,860
142,Merrie Bennison,,8/21/2020,Type B,Group 3,Part 3,$2513721.57,36.4,459
143,Cynthia Meech,,2/17/2020,Type A,Group 2,Part 2,$1550513.30,80.02,0
144,Alix Baccup,,1/12/2020,Type B,Group 3,Part 1,$3472415.20,10.63,532
145,Trixie Keys,,9/2/2020,Type C,Group 2,Part 3,$5873984.92,96.68,73
146,Lindsey Gasparro,,9/30/2020,Type B,Group 2,Part 2,$9747244.01,4.79,604
147,Walton Darby,,11/5/2020,Type C,Group 1,Part 3,$1844965.07,24.63,829
148,Delly Goodswen,Örebro,1/16/2020,Type C,Group 2,Part 1,$3648484.57,30.73,181
149,Persis Hauxwell,,7/28/2020,Type C,Group 1,Part 2,$4793676.06,12.52,816
150,Susette Fontaine,,12/24/2020,Type B,Group 2,Part 3,$5360206.04,3.78,653
151,Darius Alywin,,11/26/2020,Type A,Group 3,Part 3,$5912777.91,84.05,784
152,Wanids Angless,,1/20/2020,Type A,Group 1,Part 2,$5032387.17,88.52,770
153,Collette Newbury,Gävleborg,9/2/2020,Type B,Group 1,Part 2,$9608559.17,6.78,31
154,Danny Mc-Kerley,,1/4/2020,Type A,Group 3,Part 1,$7576898.56,41.62,477
155,Anni Garbar,,3/16/2020,Type A,Group 1,Part 2,$1148449.13,85.77,499
156,Cecily McGougan,,12/7/2020,Type B,Group 3,Part 3,$3228938.63,45.2,306
157,Booth Franken,,4/5/2020,Type C,Group 2,Part 2,$2745775.38,15.66,742
158,Saraann Ricci,,9/18/2020,Type A,Group 3,Part 3,$4191323.37,41.03,455
159,Jennee Fortin,,12/11/2020,Type B,Group 2,Part 1,$1063235.05,34.07,976
160,Tiffi Hegdonne,,1/5/2020,Type A,Group 1,Part 1,$241561.40,59.36,263
161,Moira Spreckley,Porto,5/19/2020,Type C,Group 1,Part 2,$5216030.08,35.53,409
162,Boyce Nockalls,Stockholm,9/20/2020,Type B,Group 3,Part 3,$2180338.05,46.16,807
163,Dudley Seals,,5/3/2020,Type A,Group 1,Part 3,$3704569.76,78.85,855
164,Andriana Greatbanks,,7/26/2020,Type A,Group 3,Part 3,$2396416.79,63.36,349
165,Orazio O'Connolly,,11/18/2020,Type C,Group 2,Part 1,$3128832.21,41.29,217
166,Sophi Love,,6/27/2020,Type A,Group 2,Part 3,$8720970.63,88.85,504
167,Kordula Cornejo,,10/22/2020,Type C,Group 1,Part 2,$4124055.13,35.74,513
168,Arabel Rizzo,,4/27/2020,Type C,Group 3,Part 3,$4335846.29,72.72,550
169,Bernadene Edelheid,Lisboa,3/22/2020,Type C,Group 2,Part 1,$4784706.36,83.63,443
170,Robers Wile,,1/3/2020,Type B,Group 3,Part 1,$6454310.39,72.04,49
171,Idette Hatliff,,8/3/2020,Type B,Group 1,Part 1,$1562004.52,30.14,373
172,Jammie Vasiliu,,3/25/2020,Type A,Group 2,Part 1,$1762355.09,52.36,140
173,Elisabetta Meredyth,California,10/3/2020,Type C,Group 2,Part 3,$1828525.89,17.1,706
174,Pepito McCallam,,5/24/2020,Type A,Group 2,Part 1,$8984487.31,50.67,176
175,Markus Boothroyd,Jönköping,11/16/2020,Type B,Group 1,Part 2,$2891923.50,99.96,149
176,Katleen Pigne,,9/4/2020,Type B,Group 3,Part 1,$5337800.65,3.44,662
177,Yolande Hubbart,Lisboa,10/31/2020,Type A,Group 3,Part 2,$5979707.18,18.1,579
178,Jo-ann Lewsley,,1/2/2020,Type B,Group 3,Part 3,$4510708.84,35.51,21
179,Dorie Andresser,,5/3/2020,Type A,Group 3,Part 3,$1077688.83,39.96,899
180,Emmalynne Bree,,1/19/2020,Type C,Group 2,Part 3,$9296448.66,20.99,132
181,Arden O' Sullivan,,4/18/2020,Type A,Group 2,Part 3,$708427.17,53.46,892
182,Marty Newart,,8/23/2020,Type A,Group 2,Part 1,$3615752.35,34.27,266
183,Willi Durbann,,6/3/2020,Type C,Group 2,Part 3,$4716661.94,16.83,157
184,Doll Shovelin,,4/2/2020,Type C,Group 3,Part 3,$8876360.87,63.99,494
185,Kitti Howis,,8/23/2020,Type B,Group 3,Part 2,$4836624.54,69.46,814
186,Cordy Gilbride,,2/9/2020,Type B,Group 2,Part 2,$4842943.06,90.8,332
187,Leonora Dillimore,District of Columbia,4/15/2020,Type A,Group 3,Part 1,$1102539.90,29.69,706
188,Rici Whitaker,,4/1/2020,Type C,Group 3,Part 1,$8724377.09,70.65,151
189,Wileen Sallarie,,6/10/2020,Type C,Group 2,Part 1,$7282025.93,6.5,585
190,Mickie Aizkovitch,Alberta,9/8/2020,Type C,Group 2,Part 1,$3536786.97,22.09,897
191,Ursala Woodcroft,,10/18/2020,Type A,Group 2,Part 3,$3049540.82,79.92,314
192,Herrick Bunyard,Durango,1/30/2020,Type A,Group 3,Part 2,$582749.55,57.19,285
193,Mae Jado,,2/12/2020,Type B,Group 1,Part 2,$3631406.88,42.24,18
194,Dominique d'Escoffier,,11/28/2020,Type A,Group 1,Part 2,$9617599.49,86.2,913
195,Valdemar Edscer,,6/29/2020,Type C,Group 1,Part 2,$1290954.24,75.83,866
196,Whitney Durrett,,2/27/2020,Type B,Group 3,Part 1,$8459918.61,81.3,607
197,Bobbi Cardo,,5/5/2020,Type B,Group 2,Part 3,$6602672.82,69.93,720
198,Bobby Hanlon,,3/22/2020,Type B,Group 2,Part 1,$2992783.14,73.16,337
199,Pammy Yakushkin,New Brunswick,4/5/2020,Type C,Group 1,Part 1,$6888198.33,0.08,901
200,Gerhard Djokovic,,11/6/2020,Type B,Group 2,Part 2,$6960172.05,29.83,466
201,Monti Wedlake,,10/31/2020,Type B,Group 3,Part 2,$9776204.66,25.29,668
202,Shawn Challiss,Provincie Utrecht,2/24/2020,Type B,Group 1,Part 2,$6099154.43,93.16,398
203,Louise Danat,,1/18/2020,Type A,Group 1,Part 3,$3707903.94,68.38,527
204,Tabbie Breckin,,9/25/2020,Type A,Group 1,Part 2,$718780.35,7.92,791
205,Silvester Whorall,,4/27/2020,Type A,Group 3,Part 3,$2636459.81,93.92,197
206,Goldy D'Oyley,,12/15/2020,Type A,Group 2,Part 3,$642532.65,24.44,990
207,Rebecka Aries,,10/8/2020,Type B,Group 3,Part 3,$2293231.42,72.73,981
208,Russ Moff,,1/8/2020,Type C,Group 1,Part 2,$3127140.54,24.01,183
209,Clevey Percy,,2/6/2020,Type B,Group 2,Part 2,$3640884.79,25.91,851
210,Baudoin Dat,,3/4/2020,Type B,Group 3,Part 1,$9391518.13,65.11,175
211,Lorens Jane,,5/18/2020,Type B,Group 2,Part 2,$450609.53,45.34,458
212,Myrta Habbes,,5/15/2020,Type B,Group 1,Part 2,$64972.72,2.02,872
213,Malanie Kneeland,,4/23/2020,Type A,Group 2,Part 1,$1701534.29,73.12,821
214,Herb Fakeley,,7/16/2020,Type A,Group 2,Part 2,$4210087.94,51.34,452
215,Layney Benjefield,,1/7/2020,Type C,Group 2,Part 2,$1189908.93,27.84,298
216,Zonnya George,,5/19/2020,Type A,Group 2,Part 2,$3199205.46,19.68,166
217,Rahel Sarsfield,,4/7/2020,Type A,Group 1,Part 2,$7439411.40,33.23,730
218,Etienne Petrulis,,1/18/2020,Type C,Group 3,Part 3,$9773153.11,35.53,513
219,Iormina Salters,,5/24/2020,Type A,Group 3,Part 2,$4274211.67,12.62,562
220,Gina Housiaux,Île-de-France,12/4/2020,Type B,Group 3,Part 1,$8104136.36,87.84,611
221,Agnes Applewhaite,,7/6/2020,Type B,Group 3,Part 2,$8412440.48,7.7,585
222,Greggory Cammiemile,,1/10/2020,Type A,Group 2,Part 2,$8498589.66,6.99,675
223,Donnie Biner,,12/29/2020,Type B,Group 3,Part 1,$2549253.97,97.5,617
224,Edy Viner,,6/5/2020,Type A,Group 1,Part 3,$1777812.59,7.32,534
225,Bev Saenz,,7/7/2020,Type A,Group 1,Part 3,$5952804.67,24.16,218
226,Cob Uttermare,,2/15/2020,Type A,Group 3,Part 1,$5310983.42,44.19,520
227,Ondrea Bidwell,Rhône-Alpes,5/5/2020,Type A,Group 2,Part 2,$7142252.16,10.66,681
228,Rosella Roby,,10/2/2020,Type C,Group 3,Part 1,$5557503.76,50.45,895
229,Cherida Jerche,Franche-Comté,7/12/2020,Type B,Group 3,Part 1,$8522915.71,53.32,948
230,Egor Troker,,7/20/2020,Type C,Group 2,Part 2,$5562909.94,42.97,592
231,Clywd Vannuchi,,7/21/2020,Type B,Group 3,Part 3,$2322966.38,9.72,682
232,Renie Lucius,,12/15/2020,Type B,Group 3,Part 2,$6915495.29,92.63,80
233,Nicko Rosenwasser,,4/9/2020,Type C,Group 3,Part 1,$5597804.87,45.6,958
234,Cobb Stronack,,4/4/2020,Type C,Group 1,Part 3,$9201661.80,18.5,149
235,Jami Antic,,11/5/2020,Type C,Group 2,Part 3,$7125328.65,43.29,49
236,Titos Chaloner,,7/10/2020,Type C,Group 3,Part 2,$9253726.95,62.32,372
237,Ted Rickaby,,11/18/2020,Type A,Group 3,Part 2,$4624240.70,72.0,662
238,Dermot Vitet,,8/4/2020,Type A,Group 3,Part 1,$8396484.62,49.82,910
239,Elbertine Calderwood,Nord-Pas-de-Calais,10/21/2020,Type C,Group 2,Part 1,$9717799.44,45.5,195
240,Wren Eagleton,,12/14/2020,Type B,Group 3,Part 3,$6192925.06,45.0,379
241,Aviva Fforde,,11/18/2020,Type A,Group 2,Part 1,$6357601.85,76.03,478
242,Ulrich Bliven,,7/29/2020,Type C,Group 3,Part 1,$5677192.32,98.55,142
243,Glyn Windaybank,,1/6/2020,Type C,Group 2,Part 3,$1591870.85,45.54,554
244,Zsa zsa Swanbourne,,4/12/2020,Type C,Group 2,Part 3,$5392889.04,85.78,223
245,Amity Haighton,,5/4/2020,Type B,Group 1,Part 3,$9455564.68,35.49,637
246,Chet Broy,,4/1/2020,Type B,Group 2,Part 3,$7552536.08,63.67,340
247,Annelise Farthing,,6/30/2020,Type B,Group 3,Part 2,$7145713.15,8.17,927
248,Halsey Harling,,10/3/2020,Type A,Group 3,Part 3,$5976402.58,30.84,652
249,Holli Smedmoor,,5/15/2020,Type B,Group 3,Part 2,$4178542.30,37.74,16
250,Sileas Kaesmans,,1/4/2020,Type C,Group 2,Part 1,$7569280.75,42.39,336
251,Harmonia Derry,,12/28/2020,Type A,Group 1,Part 1,$3319291.47,53.76,375
252,Marcel Peatt,,10/16/2020,Type A,Group 1,Part 2,$9526951.52,77.95,71
253,Vittoria Cortes,,6/5/2020,Type B,Group 2,Part 3,$7428062.76,62.58,633
254,Tedra Coite,Centre,4/1/2020,Type A,Group 1,Part 1,$6129128.74,8.56,371
255,Tate Bamblett,,2/3/2020,Type A,Group 2,Part 3,$2657291.89,78.08,194
256,Muriel Saddleton,,6/20/2020,Type B,Group 2,Part 3,$4384173.76,93.39,103
257,Ossie Lindberg,,3/21/2020,Type C,Group 2,Part 2,$5042727.53,61.73,850
258,Brandy Wyness,,5/2/2020,Type A,Group 1,Part 2,$8080064.29,81.77,728
259,Sydney Mearns,,3/7/2020,Type C,Group 1,Part 3,$5911661.11,50.78,275
260,Faustine Curror,,10/1/2020,Type B,Group 1,Part 2,$3097626.13,88.9,42
261,Sharia Kidds,,4/18/2020,Type A,Group 3,Part 2,$9840660.12,78.43,323
262,Gavra Devennie,,7/21/2020,Type A,Group 2,Part 1,$1473442.08,82.43,922
263,Rhea Croughan,,3/8/2020,Type C,Group 2,Part 2,$7431087.13,79.03,587
264,Randie Threadgill,Stockholm,7/3/2020,Type C,Group 1,Part 1,$3470714.97,80.13,980
265,Alfredo Kardos-Stowe,,9/8/2020,Type A,Group 1,Part 3,$2351097.22,56.08,29
266,Philomena Hair,,9/10/2020,Type A,Group 3,Part 3,$5068298.93,9.74,172
267,Fallon Brophy,Rhône-Alpes,8/28/2020,Type C,Group 2,Part 1,$6096256.23,19.21,226
268,Walsh Ninnis,,6/6/2020,Type B,Group 1,Part 3,$8031482.36,97.97,138
269,Wit Fairpo,,6/1/2020,Type C,Group 2,Part 1,$1836325.07,28.7,421
270,Holt Pyecroft,,9/16/2020,Type C,Group 3,Part 1,$2853365.93,93.73,91
271,Carine Larvor,,5/7/2020,Type C,Group 2,Part 3,$5555081.25,52.98,732
272,Lidia Cato,,8/18/2020,Type B,Group 3,Part 3,$7472378.18,47.07,902
273,Alexio Biggs,,5/22/2020,Type C,Group 2,Part 2,$6184044.92,97.82,369
274,Helenka Guilford,Ilha de São Miguel,10/11/2020,Type A,Group 2,Part 1,$6994134.07,50.71,7
275,Nadia Raulin,,9/6/2020,Type B,Group 2,Part 2,$7172139.50,74.68,372
276,Staford Cridge,,7/29/2020,Type A,Group 3,Part 1,$3994130.61,66.72,199
277,Gwendolin Bickley,Saskatchewan,5/26/2020,Type A,Group 2,Part 2,$7984834.57,63.78,736
278,Jenna Maskill,,6/14/2020,Type B,Group 3,Part 2,$2074067.61,14.69,470
279,Ranee Walstow,,9/5/2020,Type A,Group 3,Part 3,$3573616.26,33.16,614
280,Alix Allward,Nord-Pas-de-Calais,9/23/2020,Type B,Group 2,Part 1,$6311664.58,47.62,585
281,Mathian Gaffney,,2/19/2020,Type A,Group 1,Part 2,$2760903.07,95.92,259
282,Kiel Aloway,Porto,12/18/2020,Type B,Group 1,Part 3,$7169667.68,55.42,245
283,Kellen Castagne,,8/16/2020,Type C,Group 1,Part 1,$2385558.17,71.86,6
284,Jillie Guinane,Västra Götaland,8/14/2020,Type C,Group 3,Part 2,$5341709.42,15.72,195
285,Dionis Solloway,,10/19/2020,Type C,Group 1,Part 1,$3920597.77,30.68,424
286,Kimball Swift,,1/24/2020,Type C,Group 2,Part 1,$5941953.43,60.5,351
287,Bailey Gresswood,,11/28/2020,Type C,Group 3,Part 2,$466283.33,25.33,590
288,Doralin Bromige,,8/3/2020,Type B,Group 2,Part 3,$5679135.71,25.8,683
289,Ellynn Bentje,,10/24/2020,Type C,Group 2,Part 1,$9658552.97,92.08,335
290,Emmie Lukianovich,,6/19/2020,Type C,Group 2,Part 1,$5445592.34,23.31,383
291,Cristen Deignan,,3/22/2020,Type C,Group 2,Part 2,$6975171.56,74.95,527
292,Sandi Frede,,2/9/2020,Type A,Group 2,Part 2,$4666482.87,13.13,70
293,Roobbie Kincla,,3/21/2020,Type C,Group 1,Part 2,$8594099.83,17.99,750
294,Marleah Veel,,5/16/2020,Type A,Group 3,Part 1,$2340479.56,92.6,284
295,Vyky Bromige,,3/11/2020,Type C,Group 3,Part 1,$9276387.71,90.52,495
296,Pete Ropartz,Lisboa,5/10/2020,Type B,Group 2,Part 1,$7468491.42,76.27,587
297,Stafani Jedras,,1/30/2020,Type C,Group 3,Part 1,$1997241.80,31.89,495
298,Dimitry Owthwaite,,5/3/2020,Type C,Group 2,Part 3,$2993769.77,73.93,946
299,Dorry Baus,,5/16/2020,Type A,Group 1,Part 3,$7388882.31,88.26,583
300,Hettie Shouler,,9/7/2020,Type C,Group 3,Part 3,$7796233.21,47.7,47
301,Joey Lightbown,,4/20/2020,Type B,Group 1,Part 2,$2199546.44,81.35,777
302,Edan Offill,Centre,12/15/2020,Type A,Group 3,Part 1,$5513936.87,15.85,588
303,Windham Adacot,,8/20/2020,Type B,Group 1,Part 3,$7704811.97,36.12,990
304,Laureen Feye,,6/4/2020,Type A,Group 2,Part 3,$8910003.69,93.34,193
305,Rina Barkworth,Lorraine,3/22/2020,Type C,Group 2,Part 3,$8794074.50,92.95,699
306,Wit Thies,,11/15/2020,Type B,Group 2,Part 2,$5579310.92,75.05,951
307,Dal Catlow,,7/1/2020,Type C,Group 2,Part 2,$4291925.90,88.49,682
308,Karleen Bondley,,2/8/2020,Type C,Group 1,Part 1,$6962025.34,99.02,860
309,Minor Delhay,,4/29/2020,Type B,Group 3,Part 2,$6599706.83,70.99,895
310,Humfrid Clemits,,3/9/2020,Type A,Group 1,Part 1,$5014201.18,59.34,184
311,Desiri Vials,,10/26/2020,Type C,Group 2,Part 2,$9104089.12,81.15,776
312,Price Bruckental,,10/4/2020,Type B,Group 3,Part 3,$1266714.39,52.42,811
313,Saraann Ewestace,,11/20/2020,Type B,Group 3,Part 2,$9584569.99,50.53,811
314,Gerianne Rosoni,,10/14/2020,Type C,Group 3,Part 1,$7196412.37,46.03,848
315,Ellen Goulborn,,5/26/2020,Type A,Group 3,Part 2,$1961907.57,98.67,658
316,Arlie Lambdon,,8/31/2020,Type C,Group 1,Part 1,$4994285.23,25.0,96
317,Menard Dubble,,7/19/2020,Type A,Group 1,Part 1,$6929665.34,1.92,506
318,Wright Bonifacio,Centre,1/15/2020,Type A,Group 3,Part 1,$4249992.95,11.66,573
319,Jeremy Derrington,,2/7/2020,Type C,Group 2,Part 1,$7663126.66,57.65,430
320,Roxanne Faucett,,5/26/2020,Type A,Group 1,Part 1,$8599694.90,21.88,315
321,Lynn Chesman,,11/17/2020,Type B,Group 2,Part 3,$6613783.59,11.59,658
322,Georgianna Govini,Guerrero,6/14/2020,Type B,Group 2,Part 3,$601888.35,13.33,728
323,Janka Rolph,,5/18/2020,Type A,Group 3,Part 1,$9133595.27,15.01,456
324,Netta Gercken,,7/28/2020,Type C,Group 1,Part 2,$8951863.39,95.1,556
325,Esme Lamdin,,8/22/2020,Type C,Group 3,Part 2,$7877629.64,25.07,11
326,Yance Lillee,,6/28/2020,Type B,Group 1,Part 1,$9508391.19,22.77,111
327,Correy Cattell,,11/27/2020,Type C,Group 2,Part 3,$6114211.75,90.57,993
328,Mickie Aneley,,10/14/2020,Type A,Group 1,Part 3,$5166274.48,95.13,535
329,Filmer Davidzon,,12/4/2020,Type A,Group 3,Part 1,$7377640.08,36.18,685
330,Boot Coughan,,6/8/2020,Type B,Group 1,Part 2,$2657955.88,89.24,812
331,Luisa Platfoot,,10/23/2020,Type C,Group 1,Part 1,$2153299.86,84.63,926
332,Lea Wensley,Québec,9/23/2020,Type A,Group 2,Part 1,$9955644.02,41.73,70
333,Robbert Mariaud,Beja,2/16/2020,Type B,Group 2,Part 1,$9019411.71,80.14,74
334,Judd Megson,,4/6/2020,Type B,Group 2,Part 3,$8159176.76,92.54,544
335,Sandye Sargood,,12/21/2020,Type B,Group 1,Part 2,$9418034.12,30.71,560
336,Danita Managh,,5/31/2020,Type C,Group 1,Part 3,$5660801.71,8.33,809
337,Evonne Pateman,,8/24/2020,Type A,Group 2,Part 2,$1394952.91,24.84,684
338,Michel Braim,,2/10/2020,Type C,Group 1,Part 1,$6331141.95,81.79,980
339,Angelique Bowkett,,10/6/2020,Type A,Group 3,Part 1,$7236021.94,46.18,633
340,Heddi Cicculi,,8/22/2020,Type C,Group 2,Part 3,$5393557.29,24.41,436
341,Ferrell Cornock,,12/12/2020,Type B,Group 3,Part 2,$9546562.17,36.77,516
342,Frants Locock,,6/25/2020,Type C,Group 2,Part 1,$1233186.69,61.4,450
343,Reinald Rattenberie,,4/23/2020,Type C,Group 1,Part 2,$2831909.81,50.78,554
344,Nealon Crone,,2/12/2020,Type A,Group 3,Part 2,$6866782.03,1.13,295
345,Justino Pinnion,,12/12/2020,Type A,Group 2,Part 2,$3674225.69,38.02,827
346,Penrod Brightie,,6/4/2020,Type C,Group 3,Part 1,$8345762.10,60.83,114
347,Addi Dennerley,,8/24/2020,Type A,Group 2,Part 1,$5021071.20,74.38,899
348,Gretna Farre,,9/4/2020,Type A,Group 1,Part 3,$8313656.18,97.51,942
349,Annnora Drane,,12/17/2020,Type B,Group 3,Part 1,$85814.37,15.22,551
350,Juanita Emeney,,6/28/2020,Type A,Group 3,Part 3,$6485425.69,53.58,522
351,Barbabas Yuryichev,,1/28/2020,Type B,Group 3,Part 2,$4196826.23,4.77,986
352,Tabbatha Eborn,,6/6/2020,Type B,Group 3,Part 3,$821919.87,88.71,105
353,Ly Backen,,6/27/2020,Type B,Group 1,Part 2,$2364083.78,7.88,641
354,Tybi Slavin,,4/17/2020,Type B,Group 2,Part 1,$1067899.76,89.95,886
355,Carson Harfleet,,1/28/2020,Type C,Group 3,Part 2,$8203974.43,32.87,485
356,Baldwin Sproul,,11/12/2020,Type A,Group 3,Part 2,$653162.64,49.09,287
357,Boycie Daddow,,5/15/2020,Type A,Group 2,Part 1,$6119737.26,22.43,797
358,Stephen Rudderham,,7/17/2020,Type A,Group 1,Part 3,$1596908.36,5.93,71
359,Colver Bricksey,Bretagne,11/8/2020,Type B,Group 3,Part 3,$9773141.71,3.29,942
360,Becky Pray,,4/9/2020,Type C,Group 3,Part 2,$2638022.74,44.78,961
361,Magdaia Ferran,,12/11/2020,Type C,Group 1,Part 1,$5672854.79,81.95,468
362,Spense Rumford,,8/20/2020,Type A,Group 3,Part 1,$7901598.53,96.13,314
363,Domenico Quan,,1/7/2020,Type A,Group 3,Part 3,$6902579.51,24.61,460
364,Naoma Oene,,11/17/2020,Type C,Group 3,Part 2,$8687606.45,24.05,588
365,Carolyne Kingsnoad,,3/17/2020,Type C,Group 2,Part 2,$8873602.87,94.74,629
366,Karia Kean,Kalmar,11/17/2020,Type C,Group 3,Part 2,$3146677.37,54.3,113
367,Grannie Vineall,,2/20/2020,Type B,Group 1,Part 1,$4026039.42,59.86,740
368,Nessie Mattevi,,5/20/2020,Type C,Group 1,Part 2,$9428366.89,63.85,798
369,Nona Jewsbury,,10/18/2020,Type C,Group 3,Part 3,$8141388.66,11.24,542
370,Tana Gasquoine,,9/22/2020,Type B,Group 1,Part 2,$5793230.17,28.85,830
371,Berky Priel,,10/5/2020,Type A,Group 1,Part 1,$86777.03,63.59,274
372,Max Outerbridge,,7/26/2020,Type B,Group 2,Part 2,$1013138.92,88.9,630
373,Karrie Dishmon,,8/12/2020,Type A,Group 1,Part 3,$534450.08,51.69,857
374,Tymon Franck,,9/28/2020,Type A,Group 3,Part 2,$3010208.80,42.43,608
375,Kimberli Jamson,,11/1/2020,Type C,Group 1,Part 2,$1804734.30,88.74,950
376,Brantley Garfit,,10/2/2020,Type C,Group 3,Part 3,$499844.97,2.84,252
377,Millard Ghilardi,,3/28/2020,Type B,Group 3,Part 3,$8712978.57,74.09,141
378,Martita McGuigan,,12/3/2020,Type B,Group 1,Part 1,$7228584.50,2.48,341
379,Darius Bitten,,8/14/2020,Type B,Group 3,Part 2,$9206156.86,19.76,922
380,Kingsley Halsworth,,3/17/2020,Type A,Group 1,Part 2,$8569878.66,15.03,129
381,Charla Girling,,12/25/2020,Type C,Group 1,Part 1,$8760403.60,2.96,851
382,Jamie Dorset,,8/25/2020,Type B,Group 2,Part 3,$2612516.07,79.41,659
383,Kaitlynn Canon,,2/9/2020,Type C,Group 1,Part 1,$5497373.85,94.14,130
384,Rickert Doerrling,,8/5/2020,Type C,Group 3,Part 3,$3922390.46,27.85,693
385,Wilie Batrip,,4/22/2020,Type A,Group 2,Part 1,$5739890.36,34.57,892
386,Perla Cuer,,9/5/2020,Type B,Group 2,Part 3,$8487057.46,35.27,236
387,Stormie Shenfisch,,12/9/2020,Type C,Group 2,Part 1,$8962164.35,63.85,800
388,Lona Bigland,,9/23/2020,Type B,Group 3,Part 1,$8093607.43,34.56,239
389,Theodore Paver,Nord-Pas-de-Calais,1/2/2020,Type C,Group 2,Part 1,$1117434.36,70.21,275
390,Verile Jeayes,,6/6/2020,Type C,Group 3,Part 1,$8369395.89,6.66,109
391,Thedrick Copland,,5/25/2020,Type B,Group 1,Part 1,$2950237.34,31.05,244
392,Karylin Forre,,7/26/2020,Type A,Group 1,Part 3,$7533854.55,71.36,705
393,Jacquenetta Alderton,,6/9/2020,Type A,Group 1,Part 1,$606122.80,82.23,850
394,Boniface Yellowlea,,3/30/2020,Type B,Group 1,Part 3,$9226013.83,54.53,28
395,Cindie Darbey,,6/6/2020,Type B,Group 2,Part 3,$9391819.67,29.73,893
396,Rhea Whyke,,4/12/2020,Type C,Group 2,Part 3,$3805915.01,95.85,323
397,Danie Gentile,,3/21/2020,Type C,Group 3,Part 2,$5181839.33,42.19,509
398,Sibbie Cloake,Västmanland,6/24/2020,Type C,Group 2,Part 1,$1154565.89,39.93,420
399,Lonna Carloni,,3/31/2020,Type A,Group 2,Part 1,$9816135.04,7.77,147
400,Kare Pereira,,8/8/2020,Type A,Group 1,Part 1,$3173871.96,94.24,79
401,Brandyn Kegley,,5/13/2020,Type A,Group 2,Part 1,$2670226.95,42.67,920
402,Neddie Drohane,,6/27/2020,Type A,Group 3,Part 3,$8220314.25,39.55,538
403,Margery Lexa,,12/4/2020,Type C,Group 3,Part 1,$1194206.39,90.68,518
404,Fae Champness,,8/18/2020,Type B,Group 2,Part 3,$9595312.34,38.33,628
405,Chantal Baccas,,4/28/2020,Type B,Group 3,Part 2,$8745792.35,51.88,89
406,Binnie Bellany,,5/18/2020,Type C,Group 2,Part 2,$232233.03,49.95,143
407,Dale McCarver,,5/26/2020,Type B,Group 3,Part 3,$1548739.45,64.57,873
408,Catlaina Cappell,,1/16/2020,Type B,Group 3,Part 2,$1131566.65,2.86,792
409,Lucinda Side,,11/30/2020,Type A,Group 1,Part 1,$2910647.85,27.84,764
410,Anthiathia Waldron,,5/2/2020,Type A,Group 1,Part 2,$8380134.37,22.9,51
411,Koressa Noades,Lisboa,5/7/2020,Type B,Group 1,Part 3,$9042124.18,19.16,125
412,Kevin Comben,,8/19/2020,Type B,Group 3,Part 1,$8432002.01,33.33,899
413,Debby Preuvost,,6/25/2020,Type C,Group 2,Part 1,$3146424.70,65.52,432
414,Arda Winspare,,1/31/2020,Type C,Group 1,Part 1,$1941241.75,29.48,398
415,Catharina Idell,,5/3/2020,Type C,Group 2,Part 3,$9149711.70,1.02,821
416,Kore Andersson,Ontario,11/12/2020,Type B,Group 1,Part 3,$2042893.51,44.19,982
417,Windham Deppen,,6/7/2020,Type C,Group 1,Part 1,$8997254.49,93.78,178
418,Maurine Duggen,,10/28/2020,Type C,Group 2,Part 2,$6704889.09,95.77,178
419,Tiphany Mayzes,,10/6/2020,Type A,Group 2,Part 3,$1024341.98,46.71,226
420,Coletta Nerney,Oslo,5/29/2020,Type B,Group 1,Part 3,$3838488.51,61.84,380
421,Bartholemy Ortler,,10/14/2020,Type B,Group 1,Part 2,$7101791.19,6.78,941
422,Selma McIlriach,,5/11/2020,Type A,Group 3,Part 3,$7321820.70,36.4,767
423,Ann-marie Arnaudot,,8/23/2020,Type B,Group 3,Part 2,$8435296.61,29.73,210
424,Gaston Klaussen,,4/5/2020,Type C,Group 2,Part 2,$7160329.39,97.99,197
425,Emmi Aubery,,12/12/2020,Type B,Group 1,Part 1,$325537.61,29.05,638
426,Manya Siggens,,9/6/2020,Type B,Group 2,Part 3,$3459237.05,86.38,704
427,Gareth Brownhall,,7/31/2020,Type C,Group 1,Part 1,$6480002.39,65.51,593
428,Wendell Prop,,12/10/2020,Type A,Group 1,Part 3,$6994814.07,22.87,20
429,Nester Anstee,,1/23/2020,Type B,Group 3,Part 2,$8470286.45,8.45,565
430,Rozalin Carlow,Aveiro,11/11/2020,Type B,Group 1,Part 1,$7086993.47,51.28,241
431,Charin Jacobbe,,5/11/2020,Type B,Group 1,Part 2,$4771067.12,93.1,468
432,Tiffani Theodoris,,8/16/2020,Type B,Group 3,Part 1,$4099736.89,35.44,320
433,Melodee Briers,,4/26/2020,Type C,Group 1,Part 1,$3850843.51,2.33,912
434,Juanita McCathie,,12/19/2020,Type A,Group 3,Part 2,$3887967.07,77.38,384
435,Kordula Hayen,,12/8/2020,Type B,Group 1,Part 3,$2845411.29,5.41,348
436,Josi McFaell,,5/28/2020,Type A,Group 2,Part 2,$3365102.91,71.7,468
437,Wernher O'Riordan,,4/29/2020,Type B,Group 2,Part 3,$5252883.97,60.58,870
438,Alonzo Luff,Ontario,6/20/2020,Type A,Group 3,Part 3,$1754417.47,17.21,336
439,Jakie Hanscomb,,11/4/2020,Type A,Group 2,Part 3,$822918.29,85.97,427
440,Peggie Joyes,,9/20/2020,Type B,Group 1,Part 3,$8488234.38,22.71,709
441,Dorris Medforth,,2/4/2020,Type B,Group 1,Part 2,$9252470.26,41.11,201
442,Valencia Prestwich,,8/11/2020,Type C,Group 3,Part 1,$7290364.42,5.41,72
443,Belicia Brownsett,,4/2/2020,Type B,Group 2,Part 1,$1621050.85,43.79,838
444,Nicki Fronzek,,7/2/2020,Type B,Group 1,Part 2,$7136667.44,90.85,280
445,Babara Langfield,,9/16/2020,Type B,Group 1,Part 1,$9521474.92,23.8,453
446,Debra Nias,,12/14/2020,Type C,Group 1,Part 2,$62817.95,85.79,670
447,Elroy Wharfe,,11/19/2020,Type B,Group 3,Part 2,$6927800.89,95.68,611
448,Dillie Kopta,,4/9/2020,Type B,Group 2,Part 1,$8085726.19,28.66,582
449,Manya Paschke,,4/26/2020,Type C,Group 2,Part 1,$4230798.86,63.56,933
450,Joye Baker,,2/12/2020,Type A,Group 3,Part 2,$5734650.84,95.55,59
451,Ave Fellows,,12/30/2020,Type C,Group 1,Part 2,$9168125.86,70.24,46
452,Ron Boston,,11/28/2020,Type B,Group 1,Part 3,$4059274.59,96.81,293
453,Man Bartoszewski,,1/27/2020,Type B,Group 2,Part 3,$5209934.30,88.02,864
454,Alene Hedditeh,Aragon,5/31/2020,Type A,Group 2,Part 1,$1925819.79,90.61,744
455,Nina Swadlinge,,7/21/2020,Type B,Group 3,Part 1,$174479.92,88.91,347
456,Claresta Gowdy,,2/16/2020,Type A,Group 3,Part 2,$316258.00,46.44,895
457,Astrid Doudny,,12/4/2020,Type C,Group 1,Part 1,$4319653.89,64.82,127
458,Angela Rorke,California,8/23/2020,Type A,Group 1,Part 1,$1034310.64,48.12,668
459,Niall Moreno,,5/5/2020,Type B,Group 1,Part 3,$8036365.84,10.31,642
460,Darcy Hagland,,5/17/2020,Type C,Group 2,Part 1,$4306188.89,62.19,923
461,Annissa Jezard,Västernorrland,12/24/2020,Type A,Group 3,Part 3,$2229210.29,0.91,631
462,Dare Bencher,,7/22/2020,Type B,Group 2,Part 1,$5051312.24,2.5,337
463,Wilow Casina,,2/21/2020,Type A,Group 3,Part 3,$7259767.82,31.13,297
464,Ted Lount,,1/12/2020,Type B,Group 3,Part 2,$9535213.19,90.57,596
465,Parry Sapey,,3/23/2020,Type C,Group 1,Part 2,$832793.46,71.12,712
466,Anne-marie Petrushanko,,1/5/2020,Type A,Group 3,Part 1,$1931809.95,45.65,731
467,Loutitia Jehu,,3/24/2020,Type A,Group 3,Part 2,$607315.06,71.04,344
468,Thedric Vreiberg,,5/5/2020,Type B,Group 1,Part 3,$9075154.90,96.11,235
469,Kore Northrop,,5/24/2020,Type B,Group 2,Part 3,$5201631.32,71.36,537
470,Manolo Roocroft,Västmanland,9/26/2020,Type C,Group 1,Part 3,$806135.83,81.64,254
471,Joanne Varley,Basse-Normandie,5/25/2020,Type B,Group 2,Part 2,$1010990.28,80.56,144
472,Deanne Manners,,2/11/2020,Type A,Group 2,Part 3,$9563190.33,79.46,68
473,Ashlin Kynoch,,5/13/2020,Type A,Group 1,Part 1,$990522.17,52.52,685
474,Mame Halwood,,9/2/2020,Type A,Group 1,Part 2,$2991146.70,9.53,65
475,Ambur Dowderswell,,2/27/2020,Type C,Group 3,Part 3,$9790465.36,14.6,380
476,Manolo Drayn,,3/14/2020,Type B,Group 1,Part 1,$7225042.69,85.84,373
477,Kip Lamartine,,5/31/2020,Type B,Group 2,Part 1,$6437481.89,17.8,808
478,Maye Dayes,,3/30/2020,Type C,Group 1,Part 1,$3887161.38,13.95,7
479,Rolf Ledamun,,10/6/2020,Type C,Group 1,Part 2,$8410768.84,48.64,77
480,Mia Stebbins,,12/4/2020,Type A,Group 2,Part 3,$7128048.07,77.64,63
481,Mufi Greenland,,7/8/2020,Type A,Group 1,Part 1,$622842.43,44.15,222
482,Leyla Charville,,8/13/2020,Type A,Group 2,Part 2,$6825122.80,80.63,653
483,Fawn Pink,South Carolina,9/19/2020,Type B,Group 3,Part 2,$3083948.46,34.18,822
484,Farris Lambshine,,8/14/2020,Type B,Group 1,Part 1,$4393953.91,44.19,641
485,Amandy Sanford,,11/24/2020,Type A,Group 1,Part 2,$607497.59,16.35,622
486,Abelard McAughtrie,,3/17/2020,Type B,Group 1,Part 2,$1108287.28,51.77,527
487,Donavon L'Homme,Bourgogne,12/2/2020,Type A,Group 2,Part 1,$1163185.78,82.24,205
488,Tammara Pinnijar,,7/20/2020,Type B,Group 3,Part 3,$7509581.60,34.57,590
489,Shawna Scantlebury,Kelantan,7/16/2020,Type A,Group 2,Part 3,$9922562.00,22.35,771
490,Shelley Carnachen,,1/27/2020,Type A,Group 2,Part 1,$5174446.13,99.92,518
491,Lyndsay Garroch,,4/9/2020,Type B,Group 2,Part 3,$8140079.38,29.37,502
492,Ara Phelips,,7/10/2020,Type C,Group 2,Part 2,$7570320.03,61.16,101
493,Ally Hingeley,Picardie,11/14/2020,Type C,Group 2,Part 2,$7523400.36,30.59,430
494,Dian Michell,,4/8/2020,Type B,Group 3,Part 1,$8422439.62,82.41,147
495,Ryan Entres,North Carolina,2/18/2020,Type A,Group 1,Part 1,$5698398.15,93.88,326
496,Dulciana Mathew,,5/24/2020,Type A,Group 2,Part 2,$4225391.63,72.07,95
497,Teddy Shutler,Massachusetts,11/18/2020,Type B,Group 3,Part 1,$5762099.84,1.94,857
498,Court Harper,,5/27/2020,Type A,Group 3,Part 2,$2742520.64,33.16,913
499,Roderic Wallbanks,,5/4/2020,Type C,Group 3,Part 1,$7400590.89,93.81,474
500,Howie Offin,,7/7/2020,Type C,Group 2,Part 1,$7661388.20,57.3,228
501,Julianna Loram,,10/21/2020,Type C,Group 3,Part 1,$4878291.04,67.18,182
502,Stoddard Spray,Uppsala,9/21/2020,Type A,Group 2,Part 2,$1302432.55,20.12,732
503,Jenine O'Bradain,,8/12/2020,Type A,Group 1,Part 1,$4511915.02,48.67,850
504,Jacquenetta Warnock,,4/21/2020,Type C,Group 2,Part 1,$4862276.47,36.78,276
505,Konstance Jannings,,4/22/2020,Type C,Group 1,Part 1,$9095338.17,12.65,78
506,Pebrook Conn,,6/18/2020,Type C,Group 3,Part 1,$5590821.59,59.81,631
507,Benetta Cottrill,,7/13/2020,Type A,Group 2,Part 3,$6733760.11,27.69,844
508,Shani Searjeant,,6/26/2020,Type B,Group 3,Part 2,$7263583.14,50.41,602
509,Steven Kleinstub,,8/13/2020,Type B,Group 2,Part 2,$5360013.66,94.32,928
510,Orv Eleshenar,Leiria,3/7/2020,Type B,Group 1,Part 1,$7628502.30,89.97,179
511,Kendall Van de Velde,,4/15/2020,Type A,Group 2,Part 2,$5101853.50,66.53,239
512,Delilah Clothier,Michoacan De Ocampo,8/6/2020,Type A,Group 1,Part 3,$6188731.11,35.51,595
513,Claiborn Bothe,,8/26/2020,Type B,Group 1,Part 3,$8411455.95,37.49,253
514,Giuseppe Seven,,12/19/2020,Type C,Group 2,Part 1,$2219113.63,67.84,185
515,Melody Tennick,,12/12/2020,Type C,Group 1,Part 3,$8702120.58,13.43,612
516,Katherine Knipe,,6/24/2020,Type A,Group 1,Part 3,$2421465.79,26.61,241
517,Cobby Kenforth,Bragança,4/23/2020,Type C,Group 3,Part 1,$5197048.83,33.53,823
518,Myles Kilgrove,,3/11/2020,Type B,Group 2,Part 1,$4091706.47,46.52,834
519,Jacky Issakov,,6/23/2020,Type B,Group 3,Part 2,$3117525.31,97.93,630
520,Nealson Zannolli,,4/15/2020,Type B,Group 1,Part 2,$2676863.24,91.29,760
521,Billie Croan,,1/1/2020,Type A,Group 1,Part 1,$1451260.57,25.74,347
522,Genvieve Apdell,,5/8/2020,Type A,Group 1,Part 1,$5858763.37,15.23,957
523,Maurine Johannesson,Leiria,5/23/2020,Type C,Group 1,Part 1,$7384236.58,16.79,952
524,Winne Hefforde,,3/8/2020,Type B,Group 3,Part 3,$912660.16,24.04,582
525,Camellia Kinnier,,6/29/2020,Type A,Group 2,Part 1,$8885711.45,41.1,408
526,Dino Lilley,,6/15/2020,Type C,Group 2,Part 1,$5841334.93,8.08,113
527,Alex Gurrado,,8/2/2020,Type C,Group 1,Part 2,$9775471.52,76.49,326
528,Barnaby Chestnutt,,4/14/2020,Type B,Group 3,Part 2,$1106235.68,51.09,971
529,Isac Huby,,8/28/2020,Type C,Group 1,Part 3,$9274735.67,82.47,483
530,Fran Burgwyn,Québec,11/14/2020,Type B,Group 1,Part 3,$6648861.19,59.48,479
531,Gerik Wheal,,10/22/2020,Type B,Group 1,Part 2,$2111284.86,92.01,909
532,Eward Gatenby,,3/25/2020,Type B,Group 3,Part 3,$873437.81,57.2,213
533,Valeda Kingcott,,11/4/2020,Type B,Group 2,Part 3,$4175384.84,0.32,698
534,Tab Farries,,9/20/2020,Type A,Group 2,Part 3,$5569695.65,67.04,755
535,Zora O'Hanley,Rhône-Alpes,5/18/2020,Type C,Group 3,Part 1,$7163926.45,51.74,540
536,Paxton Aldhouse,,1/9/2020,Type C,Group 3,Part 1,$1004380.61,69.2,39
537,Norrie Elvy,,5/15/2020,Type A,Group 1,Part 3,$6203822.66,90.61,125
538,Birgitta Izon,,7/30/2020,Type B,Group 3,Part 1,$1351660.31,64.48,236
539,Phebe Bottomley,,4/4/2020,Type B,Group 3,Part 2,$4581515.12,36.23,753
540,Rosmunda Behnecken,,5/22/2020,Type C,Group 1,Part 2,$8725232.31,25.97,659
541,Breanne Shepeard,,8/7/2020,Type B,Group 1,Part 3,$8465603.29,29.31,394
542,Lauryn Brou,,10/9/2020,Type C,Group 1,Part 2,$3723108.90,2.96,915
543,Maye Dewer,,4/7/2020,Type A,Group 1,Part 1,$3916671.12,67.93,369
544,Hailee Wragg,,2/3/2020,Type A,Group 3,Part 3,$2653817.84,97.69,850
545,Gunter Gumby,Skåne,3/21/2020,Type A,Group 2,Part 1,$798355.74,23.15,354
546,Tito Behan,,10/16/2020,Type A,Group 1,Part 2,$4792156.04,68.26,509
547,Ysabel Idiens,,3/26/2020,Type C,Group 2,Part 3,$5433554.38,80.94,217
548,Amby Vynarde,,4/26/2020,Type A,Group 3,Part 1,$3307097.34,52.83,73
549,Temple MacLaig,,3/3/2020,Type B,Group 2,Part 2,$2227948.10,95.53,363
550,Milicent Jesty,,7/8/2020,Type A,Group 3,Part 3,$7600911.76,3.01,718
551,Veronique Davidow,,5/3/2020,Type B,Group 1,Part 2,$7474913.00,90.1,902
552,Trixie Loudian,,12/25/2020,Type A,Group 2,Part 1,$511680.23,55.99,408
553,Mathilda De Lisle,,12/26/2020,Type A,Group 1,Part 3,$7295744.68,29.54,501
554,Willy Wethey,Provence-Alpes-Côte d'Azur,7/24/2020,Type A,Group 1,Part 1,$4152100.70,41.41,575
555,Antonino Gallaway,Braga,6/6/2020,Type C,Group 3,Part 3,$3038147.03,7.58,38
556,Elvira Hanshaw,,10/12/2020,Type C,Group 2,Part 3,$1126563.99,21.09,781
557,Hagen Masters,,3/2/2020,Type B,Group 2,Part 3,$4004892.21,64.33,390
558,Harvey Pirt,,6/25/2020,Type C,Group 2,Part 1,$659285.65,34.74,779
559,Callie Russ,,10/7/2020,Type C,Group 3,Part 3,$5708053.96,42.33,24
560,Ardeen Towler,,12/1/2020,Type A,Group 3,Part 3,$4344651.30,9.69,843
561,Gordon Chadderton,,1/28/2020,Type B,Group 2,Part 3,$4458283.82,20.45,697
562,Culver Ausher,,11/23/2020,Type C,Group 1,Part 3,$4428732.58,17.6,666
563,Drusilla Barrows,,6/11/2020,Type A,Group 1,Part 1,$8665623.61,88.75,595
564,Rebbecca Mandell,Faro,4/18/2020,Type A,Group 1,Part 1,$3641796.34,32.46,493
565,Kasey Yalden,,12/1/2020,Type B,Group 1,Part 1,$990535.83,74.76,671
566,Gaspard Allawy,,11/3/2020,Type C,Group 2,Part 3,$1367775.38,6.35,4
567,Dene Switzer,,10/7/2020,Type B,Group 2,Part 1,$8571154.94,81.86,321
568,Eli Danit,,11/17/2020,Type A,Group 3,Part 2,$4470534.93,4.87,702
569,Germaine Fillingham,,3/13/2020,Type C,Group 3,Part 2,$4944422.24,80.79,700
570,Sherm O'Skehan,,4/28/2020,Type B,Group 1,Part 3,$9399307.40,33.19,697
571,Milena Ottewell,,12/16/2020,Type B,Group 2,Part 3,$495317.80,73.74,863
572,Anthe Durnan,,5/16/2020,Type C,Group 2,Part 3,$2608492.66,44.95,909
573,Pippy Grangier,Västra Götaland,5/19/2020,Type B,Group 1,Part 3,$1135374.19,20.86,428
574,Noelyn Gownge,,1/21/2020,Type A,Group 1,Part 1,$6441092.15,89.33,912
575,L;urette Hriinchenko,,1/7/2020,Type C,Group 2,Part 1,$9715415.32,63.21,200
576,Bo Nannetti,,7/16/2020,Type C,Group 2,Part 1,$4630369.32,5.5,583
577,Bronson Janous,,7/12/2020,Type B,Group 1,Part 3,$3084302.63,13.28,309
578,Dorolice Cavy,,9/17/2020,Type B,Group 2,Part 1,$8769885.37,42.88,109
579,Christopher Gemlett,,7/7/2020,Type C,Group 3,Part 2,$8777255.34,54.25,793
580,Agosto Konzelmann,Porto,5/2/2020,Type C,Group 2,Part 1,$1628851.50,90.23,142
581,Chloette Smaile,,7/3/2020,Type B,Group 3,Part 2,$218146.95,96.52,145
582,Wileen Brasted,,8/29/2020,Type B,Group 2,Part 1,$9384549.54,40.76,509
583,Enrika Batchelour,,1/24/2020,Type A,Group 3,Part 2,$6926678.97,4.14,572
584,Burty Bratch,,1/13/2020,Type C,Group 3,Part 2,$4950129.50,54.39,519
585,Fannie Benzing,,3/1/2020,Type C,Group 1,Part 1,$4156043.64,35.17,18
586,Mab Bartoszek,,4/28/2020,Type C,Group 3,Part 2,$2424832.27,19.59,384
587,Celestina Crimmins,,9/6/2020,Type A,Group 2,Part 3,$4138105.94,81.83,685
588,Margy Strutz,,7/1/2020,Type A,Group 3,Part 1,$4698067.46,23.25,679
589,Sophia Winks,,7/4/2020,Type C,Group 3,Part 1,$9403446.20,46.7,547
590,Izzy O'Cleary,,11/14/2020,Type B,Group 3,Part 3,$268499.34,99.3,950
591,Jaymie Lonsbrough,Beja,1/17/2020,Type C,Group 3,Part 3,$8337129.33,76.72,107
592,Valentine Le Port,,3/31/2020,Type A,Group 2,Part 1,$3388688.22,54.82,788
593,Yovonnda Cattrall,,5/8/2020,Type A,Group 1,Part 1,$6662446.83,41.47,99
594,Jackson Wake,Texas,9/13/2020,Type C,Group 2,Part 2,$1898961.94,51.39,896
595,Eleanor Twidle,,3/7/2020,Type A,Group 1,Part 1,$281287.21,48.51,422
596,Rickert Rosentholer,,3/21/2020,Type B,Group 3,Part 3,$9519547.42,37.96,466
597,Judi Vaggers,Oslo,10/23/2020,Type B,Group 2,Part 2,$485847.05,69.18,875
598,Ezekiel Darwood,,8/7/2020,Type A,Group 2,Part 3,$5665387.60,24.61,636
599,Guthry Ibbs,Nova Scotia,9/20/2020,Type B,Group 3,Part 3,$6938378.08,55.17,157
600,Alvera Huckell,,2/7/2020,Type C,Group 1,Part 3,$26976.84,71.89,157
601,Devondra Scattergood,,2/28/2020,Type A,Group 1,Part 2,$3539847.68,7.23,133
602,Catherine Staneland,,8/22/2020,Type B,Group 3,Part 2,$376090.86,75.97,252
603,Lilith Learmount,,9/14/2020,Type C,Group 3,Part 1,$7054500.55,2.08,953
604,Ladonna Linnett,,8/26/2020,Type C,Group 1,Part 3,$8024347.52,79.59,683
605,Benson Patroni,,12/26/2020,Type C,Group 1,Part 1,$2416392.19,26.23,748
606,Paulie Essberger,,7/27/2020,Type B,Group 2,Part 1,$1964571.55,2.19,834
607,Kiersten Gockelen,Västra Götaland,9/10/2020,Type B,Group 3,Part 2,$7454482.10,18.51,459
608,Gilbertina De Bruijne,,1/28/2020,Type B,Group 3,Part 1,$7071970.59,14.13,899
609,Boone Wesgate,,8/7/2020,Type B,Group 3,Part 1,$6722310.73,47.22,746
610,Euell Sheavills,,5/29/2020,Type C,Group 1,Part 2,$2703887.80,96.73,672
611,Carma Ellick,,3/6/2020,Type A,Group 1,Part 2,$938744.00,74.4,411
612,Karyl Riggert,,10/5/2020,Type B,Group 2,Part 2,$5184432.84,25.93,481
613,Dougy Crockett,,12/2/2020,Type A,Group 1,Part 3,$5078770.92,68.23,924
614,Tabor Goodsall,,8/9/2020,Type C,Group 1,Part 3,$70578.21,15.46,933
615,Esra Towriss,,7/24/2020,Type A,Group 3,Part 1,$8782540.04,60.37,767
616,Read Sandry,Washington,12/15/2020,Type C,Group 3,Part 1,$7208716.12,91.59,387
617,Aguie Playdon,,2/3/2020,Type C,Group 2,Part 1,$5667734.87,65.81,605
618,Inger Pelzer,,11/4/2020,Type A,Group 2,Part 3,$9841944.61,15.93,864
619,Siusan Corrao,,1/12/2020,Type C,Group 1,Part 3,$2020328.86,29.97,11
620,Serena Gooda,,11/8/2020,Type C,Group 1,Part 2,$9210292.02,86.09,830
621,Iorgo Raecroft,,11/7/2020,Type C,Group 1,Part 3,$6623534.68,84.93,953
622,Frans Hubeaux,Västra Götaland,5/22/2020,Type A,Group 2,Part 2,$6494484.36,88.65,595
623,Reginauld Boothebie,,12/18/2020,Type A,Group 1,Part 1,$9090087.72,50.41,60
624,Emmeline Oswald,,3/6/2020,Type A,Group 2,Part 2,$5333654.15,12.28,962
625,Mureil Readings,,9/10/2020,Type C,Group 3,Part 1,$5745378.04,26.36,1000
626,Duky Maffy,,1/14/2020,Type B,Group 1,Part 2,$2485937.06,30.85,366
627,Darline Grelka,,9/1/2020,Type C,Group 1,Part 3,$1063155.75,48.25,130
628,Nike Pettie,,4/24/2020,Type A,Group 1,Part 1,$7360148.50,96.51,805
629,Michelle Kyngdon,,12/14/2020,Type A,Group 1,Part 3,$5901948.76,31.76,292
630,Levin Raggatt,Sarawak,8/29/2020,Type A,Group 2,Part 3,$9327859.23,10.16,76
631,Maryann Dafydd,,9/26/2020,Type B,Group 3,Part 2,$6845585.81,72.75,991
632,Vivie Ziem,British Columbia,3/17/2020,Type C,Group 2,Part 1,$2416725.83,64.53,634
633,Eleanor Tchaikovsky,,8/2/2020,Type C,Group 3,Part 2,$7171130.17,11.1,172
634,Fons Pawden,,10/6/2020,Type C,Group 3,Part 2,$2931345.69,72.08,699
635,Zilvia Byrcher,Dalarna,3/2/2020,Type A,Group 1,Part 1,$9384432.81,3.32,90
636,Farrell Coyte,,1/27/2020,Type B,Group 3,Part 2,$254835.33,40.34,30
637,Ethelin Romaint,,2/28/2020,Type B,Group 2,Part 3,$1479879.22,60.44,128
638,Yvor Shackle,,1/24/2020,Type A,Group 2,Part 2,$9219453.66,67.75,525
639,Mattheus Duddle,,3/23/2020,Type A,Group 2,Part 2,$6379271.78,84.49,294
640,Birch Bools,,1/10/2020,Type B,Group 1,Part 3,$8978734.88,0.88,977
641,Maible Guerrazzi,,7/11/2020,Type B,Group 2,Part 2,$5649867.11,4.3,925
642,Maryl Saleway,,3/20/2020,Type A,Group 3,Part 1,$8508421.29,22.02,59
643,Lainey Canby,,10/17/2020,Type C,Group 2,Part 3,$6417572.55,82.2,576
644,Leonore Bernth,,1/29/2020,Type B,Group 1,Part 2,$4161812.36,16.01,554
645,Robinia Selesnick,,6/13/2020,Type C,Group 2,Part 1,$694809.96,36.42,313
646,Pierre Sandry,,8/27/2020,Type A,Group 3,Part 1,$7040294.42,71.85,494
647,Raimund Salzburger,,9/28/2020,Type B,Group 2,Part 1,$854688.71,34.92,979
648,Giffer Danzelman,,5/28/2020,Type C,Group 3,Part 1,$7871282.75,49.21,500
649,Kynthia Beedom,,5/13/2020,Type A,Group 1,Part 3,$9979422.41,82.02,628
650,Orland Wattam,,9/10/2020,Type C,Group 2,Part 3,$2656173.12,58.83,210
651,Everard Giacometti,,7/15/2020,Type C,Group 3,Part 2,$8010387.48,97.34,335
652,Doreen Streatley,,12/13/2020,Type B,Group 3,Part 1,$1098185.78,47.81,819
653,Shelley Feedham,,9/6/2020,Type C,Group 3,Part 2,$2441804.99,58.8,287
654,Ches Storie,,11/20/2020,Type A,Group 2,Part 1,$1701708.41,19.91,69
655,Erv Simla,,8/3/2020,Type A,Group 3,Part 2,$3127800.61,48.38,740
656,Wolfy Haugh,,11/9/2020,Type A,Group 1,Part 2,$5696252.04,34.2,23
657,Gibby Burland,,1/14/2020,Type A,Group 1,Part 1,$7170913.06,44.43,350
658,Lenore Mayte,Kalmar,11/4/2020,Type B,Group 2,Part 2,$9128989.97,30.06,947
659,Aurea MacConnechie,Hordaland,6/24/2020,Type B,Group 2,Part 2,$4249476.12,7.5,871
660,Angelique Celand,,8/16/2020,Type B,Group 2,Part 1,$1204716.04,36.28,361
661,Deeann Harradine,,12/19/2020,Type A,Group 3,Part 1,$2504716.52,56.24,811
662,Sophia Estcot,,10/18/2020,Type C,Group 2,Part 2,$3684805.28,64.66,97
663,Arley Paolotto,,2/6/2020,Type C,Group 1,Part 3,$9644792.24,65.17,193
664,Fidelity Francis,,6/28/2020,Type C,Group 3,Part 1,$9006747.31,55.08,176
665,Aliza Barthelme,,5/28/2020,Type C,Group 2,Part 1,$8395420.10,72.02,227
666,Lefty Cabrales,,4/3/2020,Type C,Group 2,Part 1,$5491185.32,82.74,21
667,Tamqrah Halkyard,,3/26/2020,Type C,Group 3,Part 2,$5044099.06,65.07,138
668,Freeman Ebanks,,10/25/2020,Type A,Group 1,Part 3,$3158701.97,25.82,764
669,Domingo Filasov,,10/12/2020,Type A,Group 2,Part 2,$2020879.79,16.91,409
670,Ruby Newlands,,11/18/2020,Type B,Group 2,Part 3,$7044390.33,8.48,187
671,Sean Adolfson,,4/13/2020,Type A,Group 3,Part 1,$1263462.74,24.74,341
672,Immanuel Frane,,12/13/2020,Type C,Group 3,Part 2,$1084571.28,41.73,542
673,Remy Boylan,,5/24/2020,Type A,Group 1,Part 3,$684075.57,32.74,850
674,Derron Horrell,,7/18/2020,Type A,Group 3,Part 1,$2887020.67,49.19,832
675,Audry Farryn,,7/4/2020,Type A,Group 3,Part 1,$8920574.94,15.86,433
676,Bobbye Dyet,,1/31/2020,Type A,Group 2,Part 3,$4045721.24,49.73,343
677,Germaine Trippick,,12/27/2020,Type A,Group 3,Part 2,$942712.71,56.78,415
678,Arnuad Pegram,Setúbal,10/24/2020,Type C,Group 1,Part 3,$3648562.61,55.89,765
679,Viole Cosens,,9/8/2020,Type A,Group 3,Part 1,$8267013.82,1.96,65
680,Charlie Harmstone,,5/31/2020,Type C,Group 2,Part 2,$6814137.64,71.54,5
681,Poul Downing,,5/14/2020,Type B,Group 3,Part 1,$4159881.32,2.14,316
682,Buiron Peckett,,1/14/2020,Type B,Group 2,Part 1,$8903630.38,9.58,205
683,Georgie Dunabie,,12/21/2020,Type C,Group 1,Part 3,$4378304.08,50.46,434
684,Nikoletta Plimmer,,12/3/2020,Type C,Group 3,Part 3,$2640783.85,47.68,950
685,Edlin Balshen,,9/19/2020,Type B,Group 3,Part 2,$2649502.77,26.43,592
686,Townie Doxey,,11/5/2020,Type C,Group 3,Part 2,$639589.29,32.15,779
687,Krissie Turle,,11/1/2020,Type C,Group 1,Part 1,$3660950.08,78.43,540
688,Temp Heiton,Rhône-Alpes,7/28/2020,Type A,Group 2,Part 1,$8694963.56,34.67,112
689,Tobiah Klausewitz,,1/31/2020,Type B,Group 2,Part 3,$5928077.70,60.53,659
690,Kora Malyon,Connecticut,2/14/2020,Type B,Group 1,Part 1,$2869393.71,69.86,768
691,Peggi Wordsley,,7/7/2020,Type B,Group 3,Part 2,$8843828.93,38.96,561
692,Bert Lippiatt,Setúbal,7/3/2020,Type C,Group 3,Part 3,$8685961.97,8.14,121
693,Evan McDunlevy,,1/17/2020,Type A,Group 3,Part 2,$7847715.06,43.51,456
694,Rudolfo Kardos-Stowe,,8/2/2020,Type C,Group 3,Part 3,$8175144.50,11.54,26
695,Gilberte Stave,,1/20/2020,Type B,Group 2,Part 2,$5558970.49,83.7,768
696,Beatrisa Arckoll,,11/9/2020,Type B,Group 3,Part 3,$8000575.15,60.36,2
697,Currey Hartright,,6/16/2020,Type B,Group 2,Part 3,$5044209.57,89.34,175
698,Erv Van Der Vlies,,11/21/2020,Type B,Group 1,Part 2,$9644506.61,99.43,694
699,Elisa MacWhirter,,4/11/2020,Type C,Group 3,Part 2,$6791573.48,29.4,719
700,Carmelina Du Fray,Michigan,6/11/2020,Type C,Group 2,Part 3,$1317414.52,14.15,0
701,Janeen Darque,,12/1/2020,Type A,Group 1,Part 2,$27756.37,29.1,695
702,Allan Lehrer,,3/13/2020,Type B,Group 3,Part 2,$2432879.18,41.81,960
703,Fergus Golley,,3/17/2020,Type B,Group 3,Part 3,$4142587.72,1.83,883
704,Rey Stoile,,12/13/2020,Type B,Group 2,Part 3,$1646554.95,45.8,885
705,Archaimbaud Bathurst,,5/19/2020,Type C,Group 3,Part 1,$1648543.22,89.46,358
706,Darcie Cumbridge,,7/10/2020,Type A,Group 1,Part 3,$2174700.93,61.73,509
707,Saxe Fessby,,11/28/2020,Type C,Group 1,Part 1,$8367946.73,95.33,641
708,Jamie Fellow,,2/8/2020,Type C,Group 1,Part 2,$3039339.27,29.99,600
709,Kim Urian,,10/8/2020,Type A,Group 1,Part 3,$2190909.29,29.38,214
710,Alexandr Gaukroger,,12/19/2020,Type C,Group 2,Part 1,$1050950.90,82.46,158
711,Krishnah Layson,Aquitaine,11/5/2020,Type B,Group 3,Part 2,$44498.04,28.77,507
712,Coleen Denyukhin,,8/7/2020,Type C,Group 1,Part 1,$3511739.53,88.7,865
713,Jeddy Seviour,,1/7/2020,Type C,Group 2,Part 1,$278615.83,42.35,409
714,Zachery O'Monahan,,2/19/2020,Type A,Group 1,Part 3,$3797216.41,54.38,484
715,Florie Ralls,,11/21/2020,Type C,Group 3,Part 2,$3496880.99,98.63,901
716,Boycie Prendergrast,,2/20/2020,Type C,Group 1,Part 1,$4269431.92,47.28,587
717,Valentine Espada,,2/3/2020,Type B,Group 1,Part 3,$9602429.15,1.78,739
718,Caroline Yeude,Västernorrland,6/11/2020,Type B,Group 1,Part 3,$5879956.95,94.88,471
719,Victoir Petriello,,2/4/2020,Type C,Group 3,Part 3,$3758433.44,26.92,162
720,Gabbie Linney,,9/2/2020,Type A,Group 3,Part 2,$3904456.66,59.2,237
721,Derby Pavolini,,8/17/2020,Type A,Group 3,Part 3,$7140856.92,59.13,484
722,Mariam Beddin,,11/15/2020,Type A,Group 1,Part 2,$5364280.08,72.49,480
723,Roze Lukacs,,7/22/2020,Type B,Group 2,Part 3,$8511616.99,98.87,73
724,Nadean Cammocke,,12/14/2020,Type A,Group 2,Part 2,$7422999.38,60.23,410
725,Isabel Budge,,9/24/2020,Type C,Group 3,Part 2,$2250752.70,99.01,798
726,Gay Blaxter,,8/30/2020,Type B,Group 3,Part 2,$6255562.65,27.73,928
727,Allie Livoir,,10/8/2020,Type B,Group 3,Part 3,$448687.80,43.45,989
728,Kelcy Vasilmanov,,10/19/2020,Type B,Group 3,Part 1,$8574406.45,6.45,379
729,Ossie De Stoop,,11/10/2020,Type C,Group 1,Part 2,$1620263.77,72.98,518
730,Sherlocke Ackenson,,8/17/2020,Type B,Group 1,Part 3,$18085.06,28.85,628
731,Romola Lockie,,7/2/2020,Type B,Group 2,Part 3,$9904557.71,81.83,633
732,Davita Jellett,Ohio,7/1/2020,Type C,Group 2,Part 3,$9229902.11,59.46,843
733,Cordelie Mattosoff,,12/6/2020,Type A,Group 1,Part 1,$5290149.11,2.04,232
734,Trey Covell,,5/13/2020,Type B,Group 3,Part 2,$5894736.63,59.77,18
735,Maressa Howett,,11/26/2020,Type C,Group 1,Part 3,$1397416.03,18.75,129
736,Constancia Gilmour,,1/22/2020,Type B,Group 2,Part 3,$2178539.94,58.29,916
737,Jacinthe Minker,,2/18/2020,Type C,Group 1,Part 2,$8262350.81,17.22,914
738,Haroun Gookey,,6/12/2020,Type B,Group 2,Part 3,$3021840.56,91.27,554
739,Joelle Duggary,,5/7/2020,Type C,Group 3,Part 2,$5033857.29,71.48,213
740,Star Priestley,,3/5/2020,Type A,Group 1,Part 1,$6543303.31,19.44,919
741,Sher Dummer,,7/5/2020,Type A,Group 3,Part 1,$3995534.82,67.13,662
742,Dani Branca,,5/18/2020,Type C,Group 2,Part 3,$6850702.63,74.82,855
743,Leighton Aleksahkin,,12/28/2020,Type A,Group 2,Part 1,$9898202.87,80.88,833
744,Cob Redmell,,8/3/2020,Type B,Group 1,Part 3,$1628125.78,94.5,640
745,Lothario Challender,,9/24/2020,Type B,Group 2,Part 1,$464525.19,31.5,89
746,Sydney Simmig,,12/26/2020,Type C,Group 3,Part 1,$6199951.19,50.17,139
747,Rona Adnam,,6/10/2020,Type A,Group 1,Part 3,$4809976.81,75.04,351
748,Modesty Lambarth,Île-de-France,7/19/2020,Type B,Group 3,Part 3,$9900111.37,0.38,132
749,Arlyn Stredder,,3/9/2020,Type A,Group 3,Part 3,$2568817.68,59.19,466
750,Wilt Rhydderch,,8/3/2020,Type A,Group 2,Part 2,$9097505.82,92.9,120
751,Shaun Greenlees,,3/12/2020,Type B,Group 1,Part 2,$3849802.77,29.97,407
752,Norry Hackelton,,10/6/2020,Type A,Group 2,Part 2,$1876901.11,47.15,452
753,Franzen Laux,,1/14/2020,Type B,Group 2,Part 2,$4394241.82,66.4,61
754,Clevey Chattey,Västra Götaland,5/21/2020,Type A,Group 2,Part 1,$8900481.47,72.11,451
755,Olive Dresser,,2/21/2020,Type C,Group 2,Part 3,$4356908.53,70.2,859
756,Christi Crucitti,,2/24/2020,Type A,Group 1,Part 2,$6332999.46,78.28,217
757,Vitia Hiscoke,,12/15/2020,Type A,Group 3,Part 1,$1599556.50,56.6,48
758,Dolli Blakemore,,12/6/2020,Type B,Group 1,Part 2,$2607146.97,37.78,985
759,Milli McGinlay,,8/27/2020,Type A,Group 3,Part 1,$9756990.36,69.43,479
760,Daloris Dearing,Västerbotten,4/11/2020,Type A,Group 2,Part 3,$3954139.92,60.8,264
761,Dickie Praten,,10/28/2020,Type C,Group 2,Part 3,$4316488.36,60.05,596
762,Henrietta Bardnam,England,12/26/2020,Type B,Group 1,Part 1,$8634957.96,9.18,974
763,Dionne Fulkes,,6/24/2020,Type A,Group 3,Part 2,$7514221.32,51.32,929
764,Aida Lawday,,6/12/2020,Type C,Group 2,Part 1,$3967789.80,32.77,783
765,Shem Matyushonok,,7/27/2020,Type C,Group 2,Part 3,$1830878.87,42.99,608
766,Issie Iiannoni,,8/18/2020,Type A,Group 1,Part 3,$2407984.42,51.47,115
767,Pieter Hiddersley,,7/6/2020,Type C,Group 1,Part 2,$7610799.14,3.59,721
768,Allx Kernermann,,7/4/2020,Type A,Group 1,Part 3,$2068952.64,73.01,583
769,Waly De Vries,,7/19/2020,Type C,Group 1,Part 2,$7226255.46,36.35,979
770,Augusta Waller-Bridge,,9/17/2020,Type A,Group 3,Part 3,$1819085.09,58.21,124
771,Adorne Rabson,,2/15/2020,Type A,Group 1,Part 1,$8661584.97,76.76,169
772,Celina Krammer,Oaxaca,12/19/2020,Type B,Group 1,Part 1,$6989957.04,18.41,905
773,Koenraad Redwin,,7/18/2020,Type C,Group 3,Part 2,$8889955.99,7.8,346
774,Ashia Brooker,,8/23/2020,Type C,Group 3,Part 3,$1853338.22,91.73,32
775,Barnabas Dun,,12/20/2020,Type B,Group 2,Part 3,$4426474.01,46.56,173
776,Beltran Weeke,,8/29/2020,Type C,Group 2,Part 3,$2258987.10,30.97,590
777,Cristionna Brugden,,12/14/2020,Type C,Group 2,Part 1,$2175401.50,59.34,33
778,Ced Matyukon,,9/8/2020,Type B,Group 1,Part 1,$6232570.15,52.57,826
779,Archer Minney,,11/18/2020,Type B,Group 1,Part 1,$1686643.36,59.98,520
780,Khalil Ivy,,3/22/2020,Type A,Group 2,Part 1,$2847852.72,2.56,174
781,Wandis Ottosen,,8/25/2020,Type C,Group 2,Part 2,$14938.67,91.69,669
782,Noelyn McArdell,,6/28/2020,Type C,Group 1,Part 1,$9976447.61,23.51,632
783,Lombard Baxstare,,11/19/2020,Type A,Group 3,Part 3,$6791421.15,82.69,856
784,Emmeline Lockier,,8/16/2020,Type B,Group 2,Part 3,$207936.55,92.81,164
785,Maurine Harfoot,,12/22/2020,Type B,Group 1,Part 3,$274230.02,65.0,839
786,Erl Sircomb,,1/30/2020,Type B,Group 3,Part 3,$5753881.04,84.18,479
787,Deane Matusiak,,2/5/2020,Type C,Group 1,Part 2,$4212415.44,55.46,816
788,Christy Sinott,Vila Real,6/18/2020,Type A,Group 2,Part 1,$8668774.53,27.97,7
789,Alister Divina,,3/8/2020,Type C,Group 2,Part 2,$6764613.21,54.19,644
790,Issie January,,2/9/2020,Type B,Group 3,Part 1,$6388321.09,8.75,172
791,Arlie Gaskin,,8/25/2020,Type A,Group 3,Part 1,$1848519.49,27.81,474
792,Svend Beardsley,,3/29/2020,Type C,Group 2,Part 1,$5051637.98,22.08,412
793,Remus Mansfield,,6/30/2020,Type C,Group 3,Part 2,$1679446.50,46.7,261
794,Haley Zotto,,1/22/2020,Type A,Group 2,Part 2,$2306017.61,18.26,862
795,Lenora Musslewhite,,8/6/2020,Type B,Group 2,Part 1,$4156412.53,22.04,167
796,Haley Fleetham,,6/3/2020,Type A,Group 3,Part 3,$1298871.03,4.95,288
797,Gaynor Mulvy,,8/28/2020,Type A,Group 3,Part 1,$2736169.01,58.87,996
798,Carmella Twede,,10/11/2020,Type B,Group 1,Part 3,$9844797.41,80.11,218
799,Marlo Tidcomb,,5/6/2020,Type B,Group 2,Part 3,$9707622.23,91.4,347
800,Deina Kingshott,,4/13/2020,Type C,Group 3,Part 2,$7633589.33,32.28,506
801,Merla Queyeiro,,12/25/2020,Type C,Group 1,Part 1,$5900171.86,79.04,931
802,Franciskus Snoxell,,2/12/2020,Type A,Group 3,Part 3,$665691.20,97.06,963
803,Laverne Lathan,,1/11/2020,Type A,Group 3,Part 3,$1745234.00,31.07,718
804,Dirk Welburn,,2/2/2020,Type C,Group 2,Part 1,$3749846.60,6.77,487
805,Cobby Hindmore,,3/5/2020,Type C,Group 1,Part 1,$9386557.07,69.68,568
806,Hobey MacCambridge,,12/29/2020,Type A,Group 1,Part 1,$7884296.82,78.55,181
807,Alvan Vlach,,2/18/2020,Type C,Group 2,Part 3,$6923512.48,6.0,443
808,Lyndel Hellikes,,11/6/2020,Type B,Group 3,Part 3,$1682287.52,85.18,799
809,Keefer Dory,,1/26/2020,Type C,Group 1,Part 3,$5663554.65,91.29,639
810,Calv Jouhan,,10/2/2020,Type A,Group 2,Part 1,$9540479.48,88.43,329
811,Willy Tatersale,,11/28/2020,Type B,Group 3,Part 1,$1303142.51,47.64,801
812,Shellie Hadcock,,10/15/2020,Type B,Group 2,Part 1,$5251725.56,30.68,884
813,Harper Osmond,,2/3/2020,Type A,Group 1,Part 3,$9532371.06,14.06,888
814,Sile Akeherst,,11/7/2020,Type A,Group 1,Part 1,$3182744.63,70.9,375
815,Armin Riccetti,,2/4/2020,Type C,Group 1,Part 3,$8343002.17,63.33,232
816,Carin de Cullip,Braga,4/24/2020,Type A,Group 3,Part 2,$4876968.87,42.49,555
817,Merrie Book,,9/22/2020,Type A,Group 1,Part 1,$5722333.66,42.33,235
818,Amos Le Count,,5/22/2020,Type A,Group 2,Part 1,$2767578.06,89.09,701
819,Haven Beccero,,2/28/2020,Type C,Group 3,Part 3,$5992092.76,31.52,34
820,Alvin Eschelle,,7/11/2020,Type B,Group 2,Part 3,$2628366.12,65.84,807
821,Pierce Mussard,,10/3/2020,Type B,Group 2,Part 3,$1798809.39,23.17,97
822,Juana Bazely,,7/19/2020,Type B,Group 2,Part 3,$452832.78,8.61,624
823,Cassandra Riste,,6/1/2020,Type B,Group 3,Part 1,$3377558.19,26.85,313
824,Glenna Niesel,,5/18/2020,Type B,Group 3,Part 1,$7940015.80,15.59,808
825,Constantina Ciric,,1/29/2020,Type B,Group 3,Part 1,$9603338.13,19.74,377
826,Polly Sartain,,5/5/2020,Type A,Group 2,Part 3,$7867053.79,0.5,377
827,Damon Boyle,,6/21/2020,Type A,Group 3,Part 2,$4370274.07,47.93,652
828,Kareem Felstead,,7/26/2020,Type C,Group 1,Part 3,$2000402.78,18.73,52
829,Jania Harborow,,2/24/2020,Type A,Group 1,Part 1,$5892493.14,42.16,944
830,Nana Tortis,,1/9/2020,Type A,Group 3,Part 3,$9284470.36,7.05,530
831,Vivia Cardello,,12/10/2020,Type C,Group 2,Part 2,$4748795.86,64.07,696
832,Diann Densun,,4/27/2020,Type B,Group 2,Part 1,$8024392.81,67.84,637
833,Daven Swalwell,,5/31/2020,Type C,Group 1,Part 1,$6275455.66,88.63,815
834,Catriona Barcroft,,6/24/2020,Type B,Group 3,Part 3,$9144193.88,66.16,340
835,Bobbe Donovan,,5/26/2020,Type B,Group 1,Part 1,$5143928.50,34.59,206
836,Constantine Bitchener,,11/4/2020,Type B,Group 1,Part 3,$9246960.22,92.45,410
837,Aggie Accum,,6/3/2020,Type B,Group 2,Part 1,$2194907.53,75.74,162
838,Jonis Koch,,10/20/2020,Type A,Group 2,Part 3,$1160991.17,11.15,414
839,Evangeline Klimaszewski,,8/14/2020,Type A,Group 3,Part 1,$2857953.04,82.72,729
840,Georges Minnis,,1/13/2020,Type A,Group 1,Part 2,$3389217.74,0.85,98
841,Lloyd Brunicke,,3/25/2020,Type B,Group 2,Part 3,$5344932.04,63.78,324
842,Quincy Jumel,,11/17/2020,Type C,Group 1,Part 2,$7744475.70,32.9,946
843,Ainslie Gerrell,,9/23/2020,Type A,Group 3,Part 2,$9607455.35,1.89,458
844,Florri Ferriday,,3/21/2020,Type B,Group 2,Part 2,$6373763.00,3.04,598
845,Rriocard Naldrett,,9/29/2020,Type A,Group 2,Part 1,$5776933.91,8.28,421
846,Kaitlyn Scourgie,,11/11/2020,Type B,Group 3,Part 1,$9709079.75,69.27,684
847,Silvia Poag,,8/8/2020,Type C,Group 1,Part 2,$8513427.49,2.05,894
848,Spike Porker,,1/1/2020,Type A,Group 2,Part 1,$5499421.32,7.55,390
849,Banky Lorman,,3/1/2020,Type A,Group 2,Part 3,$3563843.15,79.27,992
850,Emmalee Bakesef,,1/11/2020,Type B,Group 1,Part 1,$6979909.88,47.14,197
851,Kimmy Leving,,4/25/2020,Type B,Group 2,Part 3,$9487801.32,98.96,689
852,Marilee Gebby,,9/1/2020,Type C,Group 2,Part 2,$1809030.39,41.45,246
853,Joleen Donohoe,,9/16/2020,Type C,Group 2,Part 3,$1395983.36,19.43,27
854,Edd Richford,,11/24/2020,Type A,Group 1,Part 1,$5933193.92,88.16,959
855,Noah Alison,,5/6/2020,Type C,Group 3,Part 1,$5838861.40,7.17,188
856,Dulci Yurocjkin,,12/10/2020,Type B,Group 1,Part 3,$5561443.57,78.54,411
857,Brian Biss,Norrbotten,9/10/2020,Type B,Group 3,Part 2,$4344628.02,29.32,2
858,Beret Forsyth,,3/21/2020,Type C,Group 3,Part 1,$1181895.66,67.92,670
859,Gaile Hadingham,Hordaland,6/9/2020,Type C,Group 2,Part 3,$4142136.94,33.11,666
860,Rosanne Hinder,,9/8/2020,Type A,Group 3,Part 1,$2999568.32,82.23,656
861,Shelley Wickens,,12/24/2020,Type A,Group 1,Part 1,$9275346.25,2.53,96
862,Wendi McIlvaney,Québec,10/28/2020,Type A,Group 3,Part 3,$2888909.67,46.28,531
863,Myrtia Fowlie,,5/3/2020,Type A,Group 1,Part 3,$1876798.34,13.68,396
864,Nona Barbey,,1/11/2020,Type C,Group 3,Part 3,$2648207.95,71.34,284
865,Fey Jakubiak,,9/4/2020,Type A,Group 1,Part 3,$2742485.59,43.88,969
866,Aubine Shurmer,,10/25/2020,Type A,Group 2,Part 1,$5777519.04,90.11,998
867,Julissa Reasce,,2/11/2020,Type A,Group 3,Part 1,$7247481.05,89.09,25
868,Moe Brigginshaw,,5/1/2020,Type B,Group 2,Part 2,$1030574.43,55.4,705
869,Rock Glaum,,1/31/2020,Type C,Group 2,Part 2,$6074352.41,22.26,932
870,Julianne Spaice,,11/20/2020,Type C,Group 1,Part 3,$8594193.70,94.32,670
871,Pat O'Hickey,Hamburg,9/22/2020,Type B,Group 2,Part 2,$2932765.06,4.99,298
872,Chrissie Joao,,10/31/2020,Type B,Group 2,Part 1,$2654698.82,77.35,613
873,Doralynn Witherden,,9/2/2020,Type B,Group 2,Part 1,$3175508.60,13.71,379
874,Patience McDonell,,11/6/2020,Type C,Group 2,Part 2,$1044111.61,70.57,146
875,Tandi Lashmar,,9/13/2020,Type A,Group 1,Part 1,$5902115.10,15.72,853
876,Beulah Duval,,5/1/2020,Type A,Group 2,Part 1,$1734697.29,26.98,274
877,Hube Fulcher,,2/16/2020,Type A,Group 1,Part 3,$4662906.71,89.78,836
878,Englebert Barhem,,8/3/2020,Type A,Group 1,Part 2,$3753671.08,77.79,973
879,Tomkin Linnemann,,4/14/2020,Type B,Group 2,Part 2,$5386261.88,57.65,957
880,Kendra Antonin,Provincie Limburg,12/7/2020,Type C,Group 2,Part 3,$3494221.12,93.43,871
881,Claudia Gascone,,8/30/2020,Type A,Group 1,Part 1,$7326196.82,41.55,819
882,Carmelia Duggen,Victoria,1/2/2020,Type B,Group 3,Part 2,$1560065.67,25.84,926
883,Karmen Froment,,9/24/2020,Type B,Group 1,Part 2,$4977384.89,10.39,398
884,Pauly Houndsom,Sabah,1/2/2020,Type B,Group 2,Part 1,$3424785.50,56.51,417
885,Cheryl Bohlin,,6/17/2020,Type C,Group 1,Part 1,$8506713.22,68.67,381
886,Son Dinsell,,12/4/2020,Type B,Group 2,Part 2,$1400341.26,91.21,932
887,Hadria Greenfield,,7/18/2020,Type C,Group 3,Part 3,$6735847.02,22.68,358
888,Xenos O'Kielt,,12/22/2020,Type C,Group 3,Part 1,$2366042.55,69.67,39
889,Terrel Cullivan,,12/12/2020,Type B,Group 2,Part 2,$4441944.85,62.66,24
890,Rockey Jarret,,11/19/2020,Type A,Group 2,Part 2,$6780452.14,94.71,280
891,Isahella Shinner,,2/17/2020,Type A,Group 3,Part 3,$4220022.16,2.08,407
892,Elfreda Geeson,Provincie Zuid-Holland,11/11/2020,Type C,Group 2,Part 3,$3623730.66,90.5,320
893,Boyce Tosdevin,,11/21/2020,Type B,Group 2,Part 1,$2671569.21,30.52,228
894,Marleen Durnell,,5/6/2020,Type A,Group 2,Part 3,$7042841.17,58.91,341
895,Mandie Phettiplace,,9/8/2020,Type B,Group 3,Part 2,$4169026.88,0.82,917
896,Egbert Keri,,6/29/2020,Type C,Group 1,Part 3,$8107997.56,83.78,231
897,Langston De Biaggi,,3/1/2020,Type B,Group 2,Part 2,$5523598.33,91.13,716
898,Tobye Antognozzii,,6/21/2020,Type C,Group 1,Part 3,$1390821.53,91.81,49
899,Elston Peagram,,5/19/2020,Type C,Group 3,Part 3,$3058698.69,94.99,246
900,Joby Pischoff,Québec,3/21/2020,Type A,Group 2,Part 1,$7776820.08,57.28,33
901,Ted Downton,,7/7/2020,Type A,Group 2,Part 2,$4568291.74,4.23,645
902,Jandy Erbe,,2/28/2020,Type C,Group 1,Part 3,$6385814.70,19.84,726
903,Beniamino Thomasset,,10/31/2020,Type B,Group 1,Part 2,$8759332.68,54.51,401
904,Gilbertina Laviste,Newfoundland and Labrador,7/16/2020,Type B,Group 2,Part 3,$2405443.61,89.75,203
905,Evyn Haining,Sor-Trondelag,7/15/2020,Type B,Group 1,Part 3,$4800438.70,96.01,675
906,Renelle Panons,,7/21/2020,Type C,Group 2,Part 1,$4830478.89,85.29,562
907,Anna-maria Glisenan,,11/17/2020,Type A,Group 1,Part 1,$6672651.24,31.89,437
908,Sapphire Skechley,Castelo Branco,6/22/2020,Type A,Group 1,Part 2,$8269246.15,70.78,702
909,Frayda Gillibrand,,6/15/2020,Type A,Group 3,Part 2,$6372760.99,93.32,219
910,Beltran Pawden,,3/28/2020,Type A,Group 1,Part 3,$9541611.42,57.81,519
911,Rolph Cescon,,11/21/2020,Type B,Group 2,Part 2,$8587732.04,25.0,791
912,Ree Boyford,,1/26/2020,Type A,Group 2,Part 3,$2646819.58,17.46,824
913,Adelind Niven,,7/30/2020,Type A,Group 2,Part 2,$7098736.30,69.87,456
914,Geno Yerbury,,5/10/2020,Type A,Group 1,Part 3,$2983278.40,4.96,699
915,Kimberlyn Lyffe,,11/29/2020,Type B,Group 2,Part 2,$1436274.42,99.37,275
916,Vivia Fumagalli,,12/25/2020,Type A,Group 3,Part 1,$2529348.96,39.4,259
917,Roxie Galletly,,5/22/2020,Type C,Group 3,Part 3,$3410078.44,26.72,257
918,Emlynn Bonnet,,8/27/2020,Type C,Group 3,Part 3,$1206741.69,88.44,363
919,Mel Geraudel,,6/1/2020,Type C,Group 2,Part 3,$1017723.72,76.37,122
920,Baily Standen,,5/9/2020,Type B,Group 3,Part 2,$7110009.05,74.6,722
921,Vivie Novacek,,10/16/2020,Type B,Group 3,Part 2,$7474414.92,28.86,531
922,Sheeree Ludlam,,3/20/2020,Type C,Group 3,Part 1,$9194420.53,87.63,584
923,Christine Sewter,,9/18/2020,Type C,Group 1,Part 1,$6994086.56,38.12,758
924,Karon Sarre,Lisboa,9/2/2020,Type C,Group 3,Part 3,$7912973.75,14.58,827
925,Toma Isaak,,5/7/2020,Type B,Group 3,Part 3,$204719.39,72.41,831
926,Darice Ovise,,3/18/2020,Type A,Group 1,Part 1,$9975651.92,80.67,582
927,Katrinka Cheek,Coimbra,3/11/2020,Type B,Group 2,Part 2,$2474055.65,73.98,678
928,Mollee Chance,,6/13/2020,Type C,Group 1,Part 2,$9195814.71,75.48,365
929,Alane Carnow,,8/14/2020,Type A,Group 1,Part 1,$758054.13,52.58,513
930,Tobe Raittie,,7/23/2020,Type C,Group 2,Part 2,$4223781.09,28.06,347
931,Gilberta Hearsum,Évora,7/3/2020,Type A,Group 2,Part 3,$4715657.16,69.87,624
932,Melania Ekell,,7/31/2020,Type A,Group 2,Part 1,$4466966.77,71.74,540
933,Neill Lethby,,12/20/2020,Type C,Group 1,Part 2,$4351694.04,76.78,351
934,Blaine Curston,,9/13/2020,Type B,Group 3,Part 1,$1428148.25,4.09,470
935,Merrill Steart,,12/23/2020,Type A,Group 2,Part 2,$2751857.89,94.73,828
936,Roz Jimenez,,11/27/2020,Type B,Group 3,Part 1,$4643625.71,33.83,700
937,Mathew Cowpland,Halland,9/18/2020,Type C,Group 2,Part 2,$329224.89,40.47,677
938,Ario Dannohl,,3/24/2020,Type B,Group 1,Part 2,$5424838.68,37.66,10
939,Bobbye Gourdon,,6/14/2020,Type B,Group 3,Part 3,$6519659.52,66.04,815
940,Malvina Phinn,,12/13/2020,Type B,Group 2,Part 1,$9980666.92,84.76,188
941,Nathanael Raselles,Sabah,9/17/2020,Type B,Group 3,Part 2,$4451996.98,18.49,355
942,Kania MacDermid,Tamaulipas,3/31/2020,Type B,Group 3,Part 1,$1648399.99,40.73,860
943,Nani Stuck,,10/25/2020,Type B,Group 2,Part 2,$4997253.65,97.76,587
944,Carley Delap,,4/29/2020,Type C,Group 3,Part 3,$9644962.21,53.81,935
945,Ignace Dunsmuir,,6/15/2020,Type A,Group 3,Part 2,$2397218.48,96.76,451
946,Katey Baiss,,11/4/2020,Type A,Group 3,Part 3,$955626.38,78.26,405
947,Willow Macura,,6/11/2020,Type C,Group 2,Part 2,$9599479.90,40.16,160
948,Whit Phear,,11/21/2020,Type B,Group 3,Part 2,$8667987.17,36.63,267
949,Jeniffer Patty,Östergötland,10/29/2020,Type B,Group 1,Part 1,$6948327.03,37.18,250
950,Joscelin Izen,,10/27/2020,Type C,Group 2,Part 1,$7612148.42,24.82,211
951,Kristos Guidi,,7/14/2020,Type C,Group 1,Part 1,$5202293.28,79.56,757
952,Ramona Mc Comb,,11/16/2020,Type C,Group 2,Part 3,$7395727.18,21.48,18
953,Marquita Fearick,,10/16/2020,Type A,Group 2,Part 1,$5654155.21,65.59,612
954,Cookie Allward,Nevada,4/7/2020,Type C,Group 3,Part 2,$1508680.69,82.72,982
955,Morse Brosch,Guarda,9/15/2020,Type A,Group 1,Part 2,$4050224.97,88.24,316
956,Livvy Pigott,,7/8/2020,Type B,Group 1,Part 2,$4542869.07,50.51,825
957,Iain Bosher,,9/30/2020,Type B,Group 1,Part 3,$4670567.90,80.58,125
958,Hunter Hexter,Manitoba,4/21/2020,Type C,Group 1,Part 3,$1083878.40,87.8,402
959,Pen Maddinon,,8/29/2020,Type A,Group 3,Part 2,$3580234.41,27.17,357
960,Jacquelynn Samuels,,5/17/2020,Type C,Group 1,Part 1,$1039768.13,49.44,709
961,Melessa O'Feeney,,12/14/2020,Type A,Group 2,Part 1,$2674646.17,73.13,72
962,Renee Shewring,,7/11/2020,Type C,Group 2,Part 1,$263227.22,60.62,385
963,Cleveland Poyser,Québec,10/14/2020,Type C,Group 3,Part 2,$1857167.05,92.62,748
964,Gill Blaase,,2/22/2020,Type C,Group 3,Part 3,$5731729.63,75.37,514
965,Tamar Stringfellow,England,2/19/2020,Type C,Group 3,Part 3,$8502743.79,80.31,379
966,Lusa Pincott,,2/15/2020,Type C,Group 1,Part 1,$8627627.52,18.99,335
967,Kristian Bloys,,1/1/2020,Type C,Group 1,Part 3,$2500209.12,74.89,723
968,Melisenda Beachamp,,1/22/2020,Type B,Group 1,Part 3,$6836047.11,98.89,274
969,Reena Caughan,,1/30/2020,Type B,Group 3,Part 2,$1532571.55,73.3,630
970,Alphard Barkaway,,3/13/2020,Type C,Group 1,Part 3,$1971133.68,74.34,673
971,Nannette Scoggan,Poitou-Charentes,9/24/2020,Type C,Group 2,Part 3,$7473710.54,93.39,395
972,Zahara Hagerty,,12/16/2020,Type C,Group 3,Part 1,$9296385.68,48.0,416
973,Abeu Forte,,3/15/2020,Type A,Group 2,Part 2,$6546503.84,41.89,540
974,Jacklin Blaik,,8/31/2020,Type A,Group 3,Part 2,$4818758.19,28.58,526
975,Nathalie Redhead,,3/27/2020,Type A,Group 1,Part 3,$2252528.37,32.89,590
976,Francesca Jedrzejewsky,,10/17/2020,Type A,Group 1,Part 2,$5523948.21,5.96,683
977,Eachelle Siene,,6/8/2020,Type B,Group 3,Part 2,$9800824.06,12.75,745
978,Abba Ridgway,Centre,10/19/2020,Type A,Group 1,Part 3,$9102589.29,83.81,788
979,Gayleen Heistermann,,3/11/2020,Type B,Group 3,Part 3,$6297890.36,67.84,402
980,Quincy Gobolos,,7/6/2020,Type A,Group 3,Part 3,$5664604.06,50.75,214
981,Maridel Marusyak,,3/12/2020,Type A,Group 2,Part 3,$3936620.24,35.19,704
982,Nicolais Rojahn,,8/17/2020,Type A,Group 2,Part 1,$8806135.91,52.74,383
983,Mildred Poynor,,8/23/2020,Type B,Group 3,Part 2,$1244474.33,81.83,492
984,Annabelle Molfino,,4/18/2020,Type C,Group 2,Part 1,$6686163.45,59.05,829
985,Myron Feltoe,,1/21/2020,Type A,Group 1,Part 2,$1958490.95,20.15,528
986,Ronna Stockey,Puebla,11/20/2020,Type C,Group 1,Part 1,$7736902.11,89.21,248
987,Lorrie Duguid,,6/13/2020,Type C,Group 2,Part 3,$890648.45,28.21,639
988,Natale Atyeo,,2/24/2020,Type A,Group 3,Part 1,$6302287.13,18.07,388
989,Anatol Turbayne,,6/23/2020,Type A,Group 1,Part 3,$797332.35,55.19,655
990,Fawn Asken,,8/27/2020,Type A,Group 3,Part 2,$1586151.53,19.36,617
991,Ginny Salvati,,2/22/2020,Type A,Group 2,Part 3,$4782155.31,13.27,507
992,Jonas Sked,,6/30/2020,Type A,Group 1,Part 3,$1408670.70,89.9,769
993,Brittany Boggers,,4/28/2020,Type A,Group 3,Part 3,$9908996.09,58.23,160
994,Haleigh Kubek,,11/17/2020,Type A,Group 2,Part 3,$82583.83,76.26,526
995,Fernande Kitney,,12/11/2020,Type C,Group 3,Part 1,$4200768.80,66.94,120
996,Bobine Slessar,Norrbotten,5/21/2020,Type A,Group 1,Part 2,$5515461.97,61.12,898
997,Cherilyn Bushby,Skåne,5/18/2020,Type A,Group 3,Part 2,$9775109.39,45.33,106
998,Huberto O'Hone,,3/23/2020,Type C,Group 2,Part 1,$6490529.77,87.11,415
999,Marys Rawls,,4/9/2020,Type C,Group 1,Part 1,$7807961.90,12.96,580
1000,Pegeen Kinforth,,12/23/2020,Type A,Group 3,Part 1,$2776628.01,61.22,233
