TransactionID,Salesperson,State,Month,Type,Group,Part,Sales,Margin,Quantity
1,Adelle Blazejewski,,6/19/2020,Type A,Group 2,Part 3,$5973096.49,81.93,760
2,Briana Champney,,6/1/2020,Type A,Group 1,Part 1,$7661643.54,0.19,500
3,Chicky Jansa,,4/19/2020,Type A,Group 1,Part 1,$9152969.22,44.76,492
4,Shoshana Kayley,,8/26/2020,Type B,Group 3,Part 1,$3331867.02,36.09,114
5,Reagen Bean,,11/1/2020,Type A,Group 3,Part 3,$9574596.96,12.71,302
6,Luci Pudding,Île-de-France,12/8/2020,Type A,Group 2,Part 2,$5953822.54,44.51,712
7,Zilvia Hutcheson,,2/22/2020,Type A,Group 1,Part 2,$4974300.26,27.84,38
8,Derrik Argo,,1/16/2020,Type C,Group 1,Part 1,$9693762.28,59.44,132
9,Stearn Bragg,,7/12/2020,Type C,Group 2,Part 1,$4427552.84,38.92,278
10,Kaylil Ruffler,,6/8/2020,Type B,Group 2,Part 3,$187805.23,98.04,470
11,Ami Meugens,,2/12/2020,Type B,Group 1,Part 1,$4882918.45,60.31,809
12,Kati Bemrose,,10/12/2020,Type C,Group 1,Part 3,$7331223.32,53.05,393
13,Marieann Ducker,British Columbia,3/10/2020,Type B,Group 3,Part 3,$3454904.88,35.94,759
14,Udale Kingsland,,8/14/2020,Type B,Group 2,Part 2,$6486036.53,51.28,393
15,Ewart Condie,,6/20/2020,Type A,Group 3,Part 1,$9295754.33,65.02,388
16,Richardo Rens,,6/6/2020,Type C,Group 3,Part 1,$431590.07,71.5,492
17,Tammara Meaker,Rhône-Alpes,4/27/2020,Type A,Group 2,Part 3,$9136466.26,94.52,508
18,Julina Pietrusiak,,8/13/2020,Type B,Group 2,Part 2,$2745825.55,59.03,514
19,Natal Breens,,3/28/2020,Type A,Group 3,Part 1,$5372136.49,15.95,344
20,Gawain Franzewitch,Stockholm,2/8/2020,Type A,Group 1,Part 2,$5328830.95,74.04,613
21,Ruby Turbat,,5/29/2020,Type C,Group 2,Part 3,$5364433.78,92.41,689
22,Rahal Gradwell,,10/24/2020,Type B,Group 2,Part 1,$1015750.54,94.31,545
23,Hadria Groucock,,10/26/2020,Type B,Group 3,Part 2,$5231308.37,98.94,663
24,Virginie oldey,,3/1/2020,Type C,Group 3,Part 1,$3846404.82,55.21,854
25,Prentice Wilhelmy,,9/1/2020,Type B,Group 3,Part 2,$8094807.75,55.41,409
26,Farlee Broszkiewicz,,3/7/2020,Type B,Group 3,Part 3,$4609903.67,67.51,704
27,Gordon Houndesome,,12/18/2020,Type C,Group 1,Part 3,$5232923.12,54.45,342
28,Debby McGrill,,11/22/2020,Type B,Group 2,Part 2,$9139053.31,2.4,426
29,Melisse O'Lennachain,,5/27/2020,Type C,Group 1,Part 1,$5618634.45,18.33,929
30,Genovera Lyffe,Lisboa,12/11/2020,Type C,Group 3,Part 3,$8831796.95,82.84,912
31,Dasya Gatheral,,9/12/2020,Type C,Group 3,Part 3,$5410781.50,37.36,225
32,Maureene Mughal,,12/25/2020,Type C,Group 2,Part 2,$9231991.12,21.92,500
33,Roma Petrillo,,3/13/2020,Type A,Group 2,Part 3,$6863739.84,12.14,650
34,Antin Blinkhorn,Lisboa,10/4/2020,Type B,Group 2,Part 2,$912851.25,94.14,291
35,Hanny Blowes,Porto,12/28/2020,Type C,Group 3,Part 3,$5134015.67,58.12,527
36,Derby Nuccii,,5/15/2020,Type C,Group 2,Part 2,$3596129.60,22.5,578
37,Catherin Howlin,,1/17/2020,Type B,Group 2,Part 2,$6495846.61,8.86,183
38,Claiborn Shannon,,2/4/2020,Type B,Group 2,Part 3,$1975949.49,3.76,908
39,Niccolo Mordacai,,6/4/2020,Type A,Group 3,Part 1,$6642488.68,58.96,489
40,Abbe Hollerin,,5/18/2020,Type C,Group 3,Part 3,$569709.02,14.01,474
41,Blondie Shayler,,1/21/2020,Type A,Group 2,Part 3,$5174471.36,83.18,21
42,Rosalie Corfield,,3/5/2020,Type B,Group 3,Part 1,$6608695.00,59.4,202
43,Kimbra Ovesen,,1/30/2020,Type B,Group 1,Part 3,$3811763.64,44.45,33
44,Darrel Varren,Michigan,7/1/2020,Type C,Group 1,Part 1,$5869946.26,13.32,719
45,Honey Fannin,,5/14/2020,Type C,Group 1,Part 2,$9896036.13,56.65,152
46,Stevana Abby,Västra Götaland,3/24/2020,Type A,Group 3,Part 1,$9255585.84,50.22,833
47,Zulema Streeting,,8/24/2020,Type B,Group 2,Part 1,$5058140.84,56.27,313
48,Allegra Camelia,,3/31/2020,Type A,Group 2,Part 2,$7204938.61,90.65,317
49,Sherry Woodyatt,,4/25/2020,Type A,Group 3,Part 3,$5614361.78,18.02,474
50,Bay Rosenfeld,,6/3/2020,Type C,Group 1,Part 2,$5205487.21,7.69,832
51,Avis Keeble,Santarém,1/19/2020,Type A,Group 3,Part 3,$724369.57,80.78,668
52,L;urette Kilbourne,,5/27/2020,Type A,Group 2,Part 2,$2427834.45,7.33,83
53,Rafael Strass,,11/30/2020,Type A,Group 2,Part 2,$7047850.94,95.12,532
54,Rosy O'Loinn,,3/11/2020,Type A,Group 3,Part 1,$2977627.23,22.21,710
55,Rosina Kermannes,,11/5/2020,Type B,Group 3,Part 2,$1424673.35,90.87,814
56,Quinta Mapples,,7/31/2020,Type A,Group 2,Part 3,$8802779.91,78.83,802
57,Malva Dunseath,,10/19/2020,Type B,Group 1,Part 3,$5312228.44,51.66,913
58,Conni Cleghorn,,1/29/2020,Type B,Group 2,Part 2,$5453327.67,47.54,356
59,Bret Quogan,,7/15/2020,Type A,Group 1,Part 2,$4195396.36,99.08,823
60,Derick Fitton,,7/5/2020,Type B,Group 2,Part 1,$4603364.49,79.75,888
61,Gwenni Boddam,,9/22/2020,Type B,Group 2,Part 3,$9343052.34,90.19,99
62,Emogene Kidde,,7/3/2020,Type C,Group 1,Part 3,$6058973.16,18.97,981
63,Robenia Gridon,Midi-Pyrénées,2/28/2020,Type C,Group 2,Part 1,$29126.16,9.61,575
64,Wiley Tredwell,Saskatchewan,2/12/2020,Type C,Group 1,Part 3,$2210039.25,18.96,237
65,Emmalyn Eveleigh,,3/3/2020,Type A,Group 1,Part 3,$8662184.03,34.56,87
66,Fancy Ouver,,5/13/2020,Type B,Group 1,Part 1,$3719830.29,79.49,474
67,Brietta Kas,,12/29/2020,Type B,Group 2,Part 2,$5922197.19,57.93,775
68,Inga Arson,Québec,9/18/2020,Type A,Group 1,Part 1,$8997912.56,50.61,12
69,Tommie Janda,,1/13/2020,Type A,Group 1,Part 1,$4314937.11,37.71,160
70,Jessy Buret,Östergötland,3/15/2020,Type C,Group 2,Part 1,$2675458.53,36.88,705
71,Ddene Chatt,,8/6/2020,Type C,Group 2,Part 1,$6450054.48,45.03,324
72,Bo Kender,,4/9/2020,Type C,Group 1,Part 2,$8966677.36,89.3,805
73,Kaile Hundall,,7/1/2020,Type C,Group 2,Part 3,$8451505.21,48.18,235
74,Minnaminnie Kupisz,,2/20/2020,Type C,Group 3,Part 1,$6255485.44,44.39,351
75,Alfredo Morcombe,,9/29/2020,Type C,Group 1,Part 3,$4248222.82,67.44,417
76,Hercules Stockport,,5/28/2020,Type C,Group 1,Part 1,$3840159.26,45.66,607
77,Sherye Toffler,,11/4/2020,Type A,Group 2,Part 2,$7154772.83,87.18,863
78,Noelyn Saunier,,9/16/2020,Type A,Group 2,Part 1,$6468015.21,62.81,783
79,Roze Woodruffe,,4/11/2020,Type C,Group 3,Part 2,$1884358.20,61.95,682
80,Randall Balassi,,10/24/2020,Type C,Group 2,Part 1,$7875872.89,53.06,851
81,Valeria Poluzzi,,5/16/2020,Type A,Group 2,Part 3,$651752.74,27.42,132
82,Allegra Garrick,,8/30/2020,Type A,Group 3,Part 2,$3442279.10,24.96,507
83,Jordain McPhillimey,Île-de-France,1/17/2020,Type B,Group 2,Part 1,$7144558.49,12.86,164
84,Wayne Grigoli,,4/25/2020,Type C,Group 1,Part 3,$4411449.50,35.32,58
85,Jesse Lamp,,1/30/2020,Type B,Group 1,Part 1,$2615694.47,21.82,193
86,Langsdon Camerati,,2/5/2020,Type C,Group 3,Part 1,$1059337.42,84.8,717
87,Felicity Lenoir,,9/22/2020,Type B,Group 2,Part 3,$4556101.29,93.5,596
88,Dulciana Pescod,,7/8/2020,Type B,Group 3,Part 1,$2693911.64,17.51,369
89,Kathye Middlemist,,5/15/2020,Type C,Group 1,Part 1,$6442469.96,13.6,270
90,Wilow Bassick,,10/14/2020,Type A,Group 3,Part 3,$173883.13,67.59,629
91,Nariko Holdall,,12/13/2020,Type A,Group 1,Part 3,$8273156.50,21.88,184
92,Charleen Lissemore,,6/3/2020,Type B,Group 2,Part 1,$1491633.92,35.89,336
93,Lodovico Landrick,Texas,5/23/2020,Type B,Group 1,Part 2,$5524224.35,73.82,317
94,Almira Marzello,,12/6/2020,Type A,Group 2,Part 2,$9914969.40,65.69,588
95,Heidie Niese,,4/14/2020,Type C,Group 2,Part 1,$1890247.67,78.61,550
96,Mick Klein,,4/17/2020,Type C,Group 3,Part 3,$1946120.02,77.66,254
97,Melessa Anten,,12/5/2020,Type B,Group 3,Part 2,$881197.50,85.91,226
98,Rosita Riba,,8/1/2020,Type C,Group 1,Part 1,$4729605.87,41.83,600
99,Rodger Kohler,,1/3/2020,Type A,Group 2,Part 2,$1832341.44,4.52,417
100,Agretha Raysdale,,1/10/2020,Type A,Group 2,Part 1,$5005863.86,15.99,328
101,Gilburt Lux,,10/31/2020,Type A,Group 2,Part 1,$2681273.90,7.18,229
102,Myer Orry,,8/14/2020,Type B,Group 2,Part 3,$1413627.59,26.42,246
103,Cobby McCaughey,Västernorrland,3/8/2020,Type A,Group 1,Part 3,$1119584.97,46.03,643
104,Wilma Ram,Oslo,11/6/2020,Type A,Group 2,Part 3,$982721.14,26.24,133
105,Kevyn Carette,,12/22/2020,Type B,Group 1,Part 1,$2098293.62,7.61,919
106,Ado Martinec,,5/19/2020,Type B,Group 2,Part 3,$3669313.34,23.31,621
107,Nita Geard,,6/21/2020,Type B,Group 3,Part 1,$4499521.62,44.56,83
108,Tiebold Cholton,,6/17/2020,Type C,Group 2,Part 3,$2062983.93,88.81,100
109,Weidar Ocheltree,,2/7/2020,Type A,Group 3,Part 1,$7420646.91,46.02,741
110,Madella Southcott,,6/5/2020,Type C,Group 1,Part 3,$2112732.24,75.13,949
111,Maddie Darton,Tamaulipas,11/29/2020,Type C,Group 3,Part 3,$6181304.59,55.87,767
112,Aldon Emery,,6/28/2020,Type A,Group 2,Part 1,$3836679.44,10.53,419
113,Fannie Burrill,,9/24/2020,Type C,Group 3,Part 1,$1321010.35,53.75,464
114,Philipa Mussetti,,7/18/2020,Type A,Group 2,Part 2,$4321725.66,36.27,954
115,Tomas Sidebotton,,5/12/2020,Type A,Group 1,Part 2,$498168.22,28.93,459
116,Erica Lanfer,,2/24/2020,Type C,Group 2,Part 3,$7660218.60,59.11,264
117,Dido Thaxton,,9/10/2020,Type A,Group 1,Part 3,$8457775.62,46.51,764
118,Luce Truluck,,5/20/2020,Type C,Group 3,Part 2,$7944260.66,45.3,111
119,Dianna Jonczyk,,6/19/2020,Type A,Group 2,Part 3,$6949467.69,42.44,341
120,Vannie Tollet,,5/21/2020,Type C,Group 2,Part 2,$4479476.68,93.48,403
121,Dania Vesco,,4/4/2020,Type B,Group 2,Part 2,$3568121.08,7.17,850
122,Aldo Harp,,3/12/2020,Type A,Group 2,Part 2,$399047.82,57.1,27
123,Lorilyn Addicote,,9/16/2020,Type A,Group 1,Part 3,$9505699.52,7.69,333
124,Gabey Pinch,,8/13/2020,Type A,Group 2,Part 1,$7325708.17,44.36,977
125,Leonerd Davy,,1/20/2020,Type B,Group 1,Part 3,$7024859.71,29.81,205
126,Kippie Feaver,,6/22/2020,Type A,Group 1,Part 1,$5242046.71,56.85,732
127,Gabby Sego,,7/28/2020,Type A,Group 2,Part 2,$7192080.34,71.48,753
128,Whitney Cater,,11/2/2020,Type B,Group 3,Part 2,$2758577.02,8.64,717
129,Bryan Chasier,,4/2/2020,Type A,Group 1,Part 3,$6775677.39,85.5,366
130,Helene Vooght,Ohio,4/6/2020,Type A,Group 1,Part 1,$3204089.15,90.34,978
131,Fernando Saines,,1/20/2020,Type B,Group 2,Part 3,$679847.72,13.2,377
132,Rhys De Simoni,,1/2/2020,Type C,Group 1,Part 3,$4381354.02,17.45,222
133,Karlens Pratte,,9/22/2020,Type B,Group 1,Part 3,$725925.81,90.89,480
134,Emalee Beilby,,11/20/2020,Type C,Group 2,Part 2,$2305989.47,99.4,539
135,Karlotte Lubeck,,7/28/2020,Type A,Group 2,Part 1,$8729323.10,11.43,546
136,Konstantin Surby,,5/31/2020,Type C,Group 3,Part 1,$7646431.36,32.35,212
137,Jordan Nevison,,3/10/2020,Type B,Group 1,Part 1,$9080144.55,18.83,7
138,Katey Reede,,12/26/2020,Type A,Group 3,Part 2,$878202.67,57.31,126
139,Dorey Coltart,,11/14/2020,Type C,Group 1,Part 1,$166851.52,41.33,263
140,Shepperd Nasi,Braga,6/28/2020,Type A,Group 1,Part 1,$9030031.42,66.93,13
141,Elmore Errol,,9/14/2020,Type B,Group 1,Part 2,$6973496.97,40.88,596
142,Patience Towll,Connecticut,3/6/2020,Type C,Group 3,Part 1,$2867952.07,69.42,325
143,Kippar Caslett,,3/5/2020,Type C,Group 2,Part 1,$3039934.80,86.51,237
144,Jareb Jayume,,5/25/2020,Type A,Group 3,Part 3,$182801.31,30.5,362
145,Ruby Jorcke,Faro,11/25/2020,Type C,Group 2,Part 1,$5368197.26,28.4,270
146,Josey Thairs,,11/9/2020,Type A,Group 2,Part 3,$6963417.20,33.46,186
147,Duff Shortland,,10/3/2020,Type C,Group 2,Part 1,$4727757.99,50.26,354
148,Jim Lilleman,Nord-Pas-de-Calais,5/15/2020,Type A,Group 3,Part 2,$9711322.03,33.97,696
149,Wandis Churm,,3/9/2020,Type C,Group 1,Part 3,$5832668.95,42.8,7
150,Crysta Bacup,Provence-Alpes-Côte d'Azur,2/21/2020,Type A,Group 1,Part 3,$5860546.60,82.83,592
151,Van Fellow,,7/24/2020,Type B,Group 1,Part 3,$5770080.79,61.96,569
152,Consuela Martensen,,3/22/2020,Type A,Group 1,Part 2,$9263588.02,62.37,228
153,Eva Dillet,,7/29/2020,Type A,Group 1,Part 3,$6592307.69,86.16,177
154,Torrey Exeter,,3/2/2020,Type A,Group 1,Part 3,$7446198.74,1.49,382
155,Lacee Symms,Washington,2/5/2020,Type B,Group 1,Part 3,$4203263.06,36.32,829
156,Katerina Cripwell,Blekinge,1/9/2020,Type A,Group 3,Part 1,$4964409.56,44.23,236
157,Colet Girardin,,1/28/2020,Type A,Group 3,Part 2,$5098401.00,61.06,466
158,Jude Tissiman,Braga,9/9/2020,Type A,Group 3,Part 3,$7224129.65,18.74,830
159,Ole Renouf,,9/28/2020,Type A,Group 3,Part 1,$9791491.46,97.69,877
160,Gayler Pasque,,3/24/2020,Type B,Group 2,Part 2,$9090644.85,32.61,408
161,Tildi Paolicchi,,12/22/2020,Type C,Group 2,Part 3,$5507639.02,56.87,576
162,Tomlin Trethewey,Skåne,3/30/2020,Type C,Group 2,Part 1,$7996712.55,62.49,372
163,Reinhold Boutwell,,3/31/2020,Type C,Group 1,Part 3,$5963914.53,38.89,196
164,Emilio Jeaycock,,7/30/2020,Type B,Group 2,Part 3,$7713275.72,97.48,1
165,Vi Ayscough,,6/7/2020,Type B,Group 2,Part 3,$8400914.31,7.03,445
166,Corina Hourstan,,7/21/2020,Type C,Group 2,Part 2,$9006506.01,40.32,859
167,Debby Griffitt,,1/17/2020,Type A,Group 3,Part 3,$7999353.74,84.64,475
168,Brook Laugier,,4/6/2020,Type C,Group 3,Part 1,$9168672.91,14.73,532
169,Oriana Stirton,,6/14/2020,Type B,Group 3,Part 1,$7618489.15,79.74,322
170,Adrianne Frensch,,4/9/2020,Type C,Group 2,Part 2,$3351291.50,74.02,170
171,Ram Spurryer,,11/28/2020,Type C,Group 3,Part 3,$8043003.80,50.96,348
172,Moyra Henden,,11/3/2020,Type C,Group 2,Part 2,$4782799.62,0.17,92
173,Rona Jerrams,,1/14/2020,Type B,Group 2,Part 1,$7328790.98,59.95,277
174,Enrika Train,,1/1/2020,Type B,Group 1,Part 3,$8376050.60,10.74,67
175,Bret Cuthill,,7/21/2020,Type A,Group 3,Part 1,$9370203.38,14.48,599
176,Katerine Janczak,,8/19/2020,Type C,Group 2,Part 2,$7083546.22,13.23,319
177,Cecil Oriel,Vest-Agder,8/1/2020,Type C,Group 3,Part 1,$9160604.19,99.12,579
178,Katharine Sparkwell,,10/28/2020,Type B,Group 2,Part 1,$4303741.45,11.81,257
179,Gregorio Stansbie,Alaska,2/3/2020,Type C,Group 2,Part 1,$3891501.74,93.09,257
180,Consuela Khomich,,12/28/2020,Type A,Group 2,Part 3,$3622445.86,27.96,733
181,Kelcy Blazek,,2/28/2020,Type A,Group 3,Part 2,$7521705.96,84.6,104
182,Joanie Delleschi,,6/12/2020,Type A,Group 3,Part 1,$782686.80,18.92,456
183,Meta Lithcow,Minnesota,7/25/2020,Type C,Group 2,Part 3,$2830433.79,55.86,122
184,Winna Shergill,Oslo,8/12/2020,Type A,Group 3,Part 2,$6937078.98,58.6,140
185,Travis Kelway,,2/26/2020,Type C,Group 2,Part 2,$614170.79,75.02,714
186,Bernardine Neesam,,5/1/2020,Type C,Group 1,Part 1,$4572245.49,6.07,514
187,Ritchie Keynes,England,8/21/2020,Type C,Group 2,Part 2,$1290845.67,88.56,57
188,Giselbert Carass,,3/6/2020,Type C,Group 1,Part 1,$3183403.23,17.57,692
189,Ivonne Pluck,,3/24/2020,Type C,Group 2,Part 3,$839944.51,86.28,549
190,Ewart Kelshaw,Thüringen,10/14/2020,Type C,Group 1,Part 2,$1732017.79,59.04,400
191,Alessandra Sibbert,,1/28/2020,Type B,Group 2,Part 3,$2264334.60,21.28,341
192,Alisander Emmer,,11/2/2020,Type B,Group 1,Part 1,$5606075.22,14.24,13
193,Gaby McGinn,Alsace,4/1/2020,Type A,Group 2,Part 3,$4235616.44,98.64,418
194,Skye Edbrooke,,2/26/2020,Type B,Group 1,Part 2,$7246605.43,63.78,992
195,Virgie Filip,,3/24/2020,Type A,Group 1,Part 1,$6890643.88,63.96,12
196,Vladamir Jardin,,6/30/2020,Type C,Group 3,Part 2,$173414.31,28.13,662
197,Algernon Mansel,,12/21/2020,Type A,Group 3,Part 3,$4830013.32,86.25,678
198,Kellen Whittall,,8/24/2020,Type C,Group 1,Part 3,$3895785.72,69.75,279
199,Sue Munkton,,2/23/2020,Type C,Group 1,Part 3,$3584040.36,50.4,944
200,Claudio Ashness,,1/1/2020,Type C,Group 2,Part 1,$2556733.83,54.33,913
201,Coralie Cove,,1/7/2020,Type C,Group 3,Part 2,$4624076.50,20.21,860
202,Karlen Ingrey,,10/5/2020,Type A,Group 1,Part 2,$2359711.55,4.07,643
203,Catlaina Stutt,,1/15/2020,Type C,Group 3,Part 1,$2221483.48,49.77,602
204,Izzy Hallatt,Victoria,9/20/2020,Type C,Group 3,Part 3,$6550038.12,7.63,196
205,Kelsi Maude,,8/22/2020,Type C,Group 1,Part 2,$5818913.66,93.86,741
206,Jacqui Glashby,,2/18/2020,Type C,Group 3,Part 2,$815477.87,45.92,31
207,Rita Formby,,4/11/2020,Type A,Group 2,Part 1,$8833424.98,98.02,382
208,Josias Churchley,,4/24/2020,Type B,Group 1,Part 1,$7294419.23,80.06,402
209,Doroteya Jillis,,4/4/2020,Type B,Group 3,Part 3,$2505189.44,28.39,836
210,Janella Jina,,5/16/2020,Type B,Group 3,Part 1,$2454919.52,74.12,742
211,Abra Hartil,,6/29/2020,Type A,Group 2,Part 2,$9491947.36,6.14,273
212,Gerrilee Kehri,,4/7/2020,Type A,Group 3,Part 3,$7465708.52,87.71,144
213,Quinn Thrustle,,2/4/2020,Type C,Group 1,Part 3,$9771441.71,52.77,69
214,Kincaid Sawrey,,9/2/2020,Type C,Group 1,Part 3,$6990432.74,5.26,717
215,Kailey Goodsell,,2/4/2020,Type C,Group 3,Part 1,$1162037.50,42.06,230
216,Carlota Sawers,,4/4/2020,Type A,Group 1,Part 3,$6760841.23,61.84,967
217,Lynn Koubu,,6/17/2020,Type A,Group 3,Part 2,$9747109.94,74.89,154
218,Pooh Charrisson,,11/15/2020,Type C,Group 1,Part 1,$7019928.46,57.09,638
219,Emalia Jansie,Guerrero,4/30/2020,Type B,Group 3,Part 2,$874333.72,62.13,20
220,Theda Braunes,,8/1/2020,Type B,Group 1,Part 3,$3285759.37,56.56,216
221,Winnie Sellack,,11/10/2020,Type C,Group 3,Part 1,$1803182.43,5.79,751
222,Lamond Kleinschmidt,,6/8/2020,Type C,Group 3,Part 3,$560787.73,76.81,368
223,Batholomew Humble,,11/7/2020,Type C,Group 3,Part 1,$5441954.88,64.09,956
224,Remy Edgeller,,1/22/2020,Type B,Group 2,Part 3,$9911373.81,72.76,989
225,Aldis Medmore,,10/10/2020,Type C,Group 2,Part 1,$6856849.23,26.7,298
226,Welby Dengate,,7/14/2020,Type A,Group 2,Part 1,$8185451.93,3.48,950
227,Libbie Othick,,2/6/2020,Type C,Group 3,Part 1,$5762842.36,6.76,928
228,Mart Polly,,9/16/2020,Type B,Group 2,Part 3,$8557447.09,85.72,130
229,Farlay Gordge,,11/26/2020,Type A,Group 1,Part 2,$8745710.19,99.62,340
230,Yoko Salery,,4/10/2020,Type B,Group 2,Part 1,$8941476.31,44.54,656
231,Kit Izod,,2/4/2020,Type B,Group 2,Part 2,$9253594.83,59.93,769
232,Jannel Ranaghan,,7/18/2020,Type B,Group 3,Part 2,$4571831.65,71.12,45
233,Brennen Rousell,,8/12/2020,Type A,Group 1,Part 3,$4422299.64,13.81,937
234,Deanna Barnsdale,,4/10/2020,Type B,Group 2,Part 1,$4943202.41,67.01,549
235,Tansy Frankiewicz,,7/21/2020,Type B,Group 1,Part 2,$7828569.55,28.59,373
236,Osbourn Treend,,10/29/2020,Type B,Group 2,Part 3,$2185342.75,93.11,341
237,Ursuline Shee,,6/18/2020,Type B,Group 1,Part 1,$3344178.97,72.2,159
238,Benedetta Begent,,1/22/2020,Type B,Group 1,Part 3,$3162256.31,52.79,534
239,Nat Simmill,,10/11/2020,Type C,Group 2,Part 3,$6048898.15,95.86,185
240,Stevena Nickell,,12/3/2020,Type B,Group 3,Part 3,$2373524.79,74.9,276
241,Dorolisa Loker,,2/16/2020,Type A,Group 3,Part 1,$1463982.35,58.75,977
242,Terrye Lintott,,7/12/2020,Type C,Group 1,Part 1,$6972545.39,57.21,612
243,Langsdon Kevane,,3/29/2020,Type C,Group 3,Part 3,$1185195.17,26.49,600
244,Nikkie Lasham,,6/25/2020,Type A,Group 2,Part 1,$346485.09,92.81,856
245,Naoma Crowder,,6/29/2020,Type B,Group 3,Part 1,$3606253.38,51.48,693
246,Shaylyn Gatteridge,,12/28/2020,Type B,Group 2,Part 2,$9571870.66,0.75,122
247,Paula Dat,,9/18/2020,Type B,Group 1,Part 3,$5517763.25,61.24,800
248,Morton Venton,,1/2/2020,Type A,Group 2,Part 2,$5596118.97,87.18,930
249,Rancell Errichi,Porto,5/28/2020,Type A,Group 2,Part 1,$3567299.15,4.19,722
250,Lauralee Martyn,,11/23/2020,Type B,Group 2,Part 3,$6905342.99,99.24,742
251,Carlynne Yashanov,,12/23/2020,Type A,Group 1,Part 1,$5782895.75,83.03,884
252,Malissa Blackstock,West Virginia,9/3/2020,Type B,Group 3,Part 3,$7348609.71,68.29,36
253,Jesse Kinane,,6/27/2020,Type C,Group 1,Part 3,$4968263.31,55.44,916
254,Derwin McLellan,,1/14/2020,Type A,Group 1,Part 1,$8813281.13,40.6,103
255,Marian Grassick,,5/26/2020,Type A,Group 2,Part 2,$9217103.27,98.49,793
256,Catarina Yarrington,,12/26/2020,Type C,Group 2,Part 2,$1642553.87,61.24,558
257,Maridel Haslum,,1/4/2020,Type C,Group 3,Part 3,$832360.65,50.45,131
258,Alain Witham,,3/29/2020,Type B,Group 2,Part 1,$4211419.81,10.91,677
259,Arliene Luard,Viana do Castelo,8/23/2020,Type A,Group 2,Part 2,$979761.99,35.46,952
260,Wenona Coale,,4/12/2020,Type C,Group 2,Part 1,$5629343.29,44.6,534
261,Tito Matasov,,3/30/2020,Type C,Group 1,Part 2,$920528.30,97.95,8
262,Wesley Baseggio,,2/15/2020,Type C,Group 3,Part 2,$2401180.37,72.41,739
263,Leonanie Fearnley,,12/22/2020,Type A,Group 2,Part 2,$5238447.81,64.12,3
264,Patty Redihough,Berlin,10/21/2020,Type A,Group 1,Part 1,$9856253.90,24.66,584
265,Gratia Becke,,10/10/2020,Type C,Group 2,Part 3,$1942098.81,35.71,925
266,Fiona Benzi,,3/25/2020,Type B,Group 2,Part 2,$2620094.26,56.66,743
267,Hyatt Koubu,,11/19/2020,Type B,Group 1,Part 2,$1538377.79,90.77,418
268,Kathryne Farnin,,3/28/2020,Type C,Group 3,Part 1,$5779343.00,7.85,543
269,Dierdre Bown,Västra Götaland,3/4/2020,Type B,Group 1,Part 1,$744478.30,29.05,546
270,Ruy Fall,,6/7/2020,Type A,Group 1,Part 1,$5605364.70,18.25,702
271,Mada Glenny,,3/22/2020,Type C,Group 3,Part 3,$5239508.23,33.33,544
272,Jena Geertsen,,5/2/2020,Type B,Group 2,Part 1,$5622016.71,7.08,607
273,Cherise Krammer,British Columbia,4/2/2020,Type B,Group 1,Part 3,$9400229.79,35.21,747
274,Ashli Caiger,,11/19/2020,Type B,Group 2,Part 2,$7284030.85,56.12,648
275,Danita Purvis,,6/24/2020,Type A,Group 3,Part 2,$5780510.62,67.15,475
276,Sephira Dearan,Mexico,8/12/2020,Type A,Group 1,Part 2,$3817722.80,87.4,450
277,Laureen Leavy,,12/20/2020,Type B,Group 1,Part 1,$9495245.07,89.06,419
278,Christean Leftley,,8/25/2020,Type C,Group 2,Part 3,$9861235.41,22.04,428
279,Noe Zarb,,4/12/2020,Type C,Group 1,Part 3,$170539.32,86.36,733
280,Denny Lies,,7/4/2020,Type B,Group 1,Part 3,$9979855.19,75.32,710
281,Loise Zimek,Dalarna,1/9/2020,Type B,Group 1,Part 2,$8452556.81,69.4,997
282,Wynny Choke,,6/11/2020,Type A,Group 3,Part 2,$4508867.69,80.55,334
283,Stefano Samsonsen,,1/18/2020,Type C,Group 1,Part 3,$4149748.58,36.3,137
284,Yvonne Layman,,3/16/2020,Type C,Group 1,Part 1,$2174013.84,67.74,20
285,Anet Bayles,Västerbotten,2/14/2020,Type C,Group 2,Part 2,$5085829.09,32.88,399
286,Deny De Giorgio,,8/18/2020,Type A,Group 1,Part 3,$3634469.80,49.06,470
287,Dionisio Chancelier,,12/28/2020,Type A,Group 3,Part 2,$9478413.86,34.73,102
288,Alanah Allgood,,7/20/2020,Type C,Group 3,Part 3,$5475526.56,71.69,979
289,Dolorita Benbrick,,11/10/2020,Type A,Group 3,Part 3,$8337223.96,93.02,589
290,Kristen Stebbings,,2/26/2020,Type B,Group 1,Part 3,$3377188.89,53.24,115
291,Geri Bracco,,2/27/2020,Type A,Group 1,Part 2,$198904.56,89.29,375
292,Camilla Cashman,,12/5/2020,Type A,Group 1,Part 2,$8040691.48,93.31,598
293,Bryana Robak,,11/27/2020,Type A,Group 2,Part 3,$5721806.08,78.14,814
294,Gerrilee Nelthorpe,,6/15/2020,Type B,Group 1,Part 2,$5505193.37,11.33,336
295,Emmi Blondin,,8/16/2020,Type A,Group 3,Part 3,$4371056.67,40.49,948
296,Mona Ossipenko,,2/6/2020,Type B,Group 2,Part 2,$3864200.95,29.3,915
297,Abigael Bothe,,1/8/2020,Type A,Group 2,Part 3,$4753813.56,94.67,335
298,Ericka Wales,,9/21/2020,Type B,Group 2,Part 1,$2931777.60,69.4,203
299,Meggy Trebbett,,7/8/2020,Type B,Group 1,Part 1,$4577315.22,99.46,798
300,Roland De Maine,,9/18/2020,Type A,Group 1,Part 3,$7294307.00,12.51,761
301,Belicia Wharrier,,12/10/2020,Type B,Group 3,Part 2,$9993235.55,66.45,961
302,Gallard Luto,,10/30/2020,Type C,Group 2,Part 3,$653431.79,8.79,668
303,Mallorie Jozwiak,Västernorrland,2/24/2020,Type A,Group 1,Part 2,$5777010.00,5.29,384
304,Maurie Corssen,,5/18/2020,Type C,Group 1,Part 1,$5088091.31,66.56,700
305,Gerik Hartzogs,,4/16/2020,Type C,Group 2,Part 1,$7986998.01,88.99,550
306,Lavinie Otteridge,Nuevo Leon,1/2/2020,Type A,Group 1,Part 1,$5009659.41,90.47,755
307,Archaimbaud Lensch,,12/23/2020,Type A,Group 3,Part 1,$7925394.90,99.63,315
308,Mace Isakowicz,,11/13/2020,Type C,Group 3,Part 1,$1416062.57,89.34,224
309,Dillie Kintish,,10/24/2020,Type C,Group 2,Part 2,$329442.35,80.83,834
310,Winfield Mein,,4/8/2020,Type A,Group 2,Part 1,$8362470.29,55.32,535
311,Cassie Seebright,,3/29/2020,Type C,Group 2,Part 3,$8709624.59,69.9,433
312,Hynda Possell,,10/9/2020,Type B,Group 3,Part 2,$107530.36,7.65,94
313,Minni Dominichelli,,5/4/2020,Type C,Group 1,Part 1,$2313409.08,0.72,15
314,Georgia Dewsnap,,10/27/2020,Type B,Group 2,Part 1,$7603892.33,83.13,179
315,Morgana Ricart,,5/22/2020,Type C,Group 3,Part 1,$6889205.34,82.94,936
316,Mallorie Apfelmann,,12/9/2020,Type C,Group 1,Part 2,$6717449.25,14.2,249
317,Debera Veillard,,4/18/2020,Type A,Group 1,Part 1,$8969260.64,96.82,823
318,Nanette Stickells,,2/5/2020,Type A,Group 1,Part 1,$258093.13,15.51,847
319,Charlotte Caldecourt,,8/27/2020,Type C,Group 3,Part 2,$8364110.35,94.49,142
320,Dori Haldin,,3/5/2020,Type B,Group 1,Part 1,$3623416.47,9.27,750
321,Benedetto Beech,,10/14/2020,Type A,Group 3,Part 3,$1812447.16,9.4,925
322,Clevie Vanacci,Coahuila De Zaragoza,8/4/2020,Type A,Group 1,Part 2,$8084513.34,48.73,863
323,Quentin Birts,,7/15/2020,Type A,Group 3,Part 1,$3094780.55,0.12,974
324,Darice Swanwick,,7/24/2020,Type A,Group 3,Part 3,$9177196.11,48.19,775
325,Allan Madoc-Jones,,6/29/2020,Type A,Group 3,Part 3,$5022063.25,70.53,904
326,Drusi Paulet,,3/20/2020,Type A,Group 2,Part 2,$758446.91,15.71,907
327,Noelani Iredell,,7/28/2020,Type C,Group 2,Part 2,$3181211.29,9.6,585
328,Katusha Kielt,,5/30/2020,Type B,Group 2,Part 2,$5204853.81,34.61,300
329,Celisse Stanworth,,6/11/2020,Type B,Group 1,Part 1,$2859046.87,55.45,622
330,Tallie Giampietro,England,3/19/2020,Type B,Group 1,Part 3,$8568793.30,70.24,900
331,Berenice Canny,,4/18/2020,Type C,Group 2,Part 1,$3747975.39,21.45,411
332,Steve Radband,,7/1/2020,Type C,Group 2,Part 2,$8468375.92,72.53,758
333,Jenna O'Caine,,3/14/2020,Type A,Group 1,Part 1,$3722053.54,26.22,86
334,Nathanil Guiver,,3/7/2020,Type A,Group 3,Part 1,$8904640.32,41.93,468
335,Jane Meachen,,6/1/2020,Type C,Group 1,Part 2,$4553176.63,94.8,137
336,Emera Kanzler,,5/12/2020,Type B,Group 1,Part 3,$6028732.52,72.2,568
337,Malinda Chillistone,,7/4/2020,Type C,Group 2,Part 1,$763883.99,29.08,401
338,Morgen Iscowitz,,8/29/2020,Type A,Group 1,Part 2,$1041924.28,87.87,332
339,Barbee Dodwell,,7/29/2020,Type C,Group 3,Part 2,$4885075.72,67.21,985
340,Osbourn Wilkin,,4/25/2020,Type B,Group 2,Part 1,$8970967.56,69.0,35
341,Zach Longlands,,7/1/2020,Type A,Group 1,Part 1,$30731.25,87.75,554
342,Nadya Bolt,,6/11/2020,Type A,Group 1,Part 3,$7455709.67,50.36,673
343,Sully Jenne,Santarém,8/3/2020,Type B,Group 2,Part 3,$6492876.11,40.21,1000
344,Joachim Nisco,,8/15/2020,Type A,Group 2,Part 2,$6449756.28,68.7,650
345,Abram Tynemouth,,5/3/2020,Type A,Group 2,Part 3,$233327.20,94.24,382
346,Caspar Brimelow,,11/16/2020,Type B,Group 3,Part 2,$3413944.91,68.87,353
347,Glenn Darcey,,12/15/2020,Type C,Group 3,Part 1,$3642534.09,90.56,823
348,Con Ladon,,5/16/2020,Type A,Group 3,Part 3,$9049426.57,13.77,846
349,Stevie Venditti,,9/25/2020,Type A,Group 2,Part 1,$9649561.05,62.93,761
350,Sondra Wingatt,,5/13/2020,Type B,Group 2,Part 1,$7210635.65,20.14,930
351,Donavon Shapera,,12/12/2020,Type A,Group 3,Part 1,$2449976.93,97.45,393
352,Angelico Waterhous,Setúbal,4/23/2020,Type A,Group 2,Part 2,$1076362.46,75.16,648
353,Chic Blunsum,,9/11/2020,Type B,Group 2,Part 2,$4401113.55,59.74,758
354,Athene Buckenhill,,2/16/2020,Type C,Group 2,Part 3,$7806805.83,98.75,724
355,Roxanne Blaw,,1/26/2020,Type C,Group 1,Part 3,$9684618.75,45.77,847
356,Virginia Gowrie,,12/14/2020,Type B,Group 3,Part 2,$6367000.81,52.05,642
357,Christopher Caton,,11/15/2020,Type C,Group 3,Part 3,$5319278.63,41.59,789
358,Kristofer Millery,,10/5/2020,Type B,Group 2,Part 2,$6261857.37,97.51,657
359,Margery Meharry,,11/12/2020,Type A,Group 3,Part 3,$8150178.94,46.66,134
360,Aindrea Arnaud,Pays de la Loire,12/13/2020,Type B,Group 2,Part 3,$5129915.18,60.59,417
361,Blake Bardwell,,12/23/2020,Type B,Group 2,Part 3,$282178.31,31.32,972
362,Betti Royal,,5/15/2020,Type B,Group 1,Part 1,$7856782.09,34.77,335
363,Agnella Kingsbury,,9/13/2020,Type B,Group 1,Part 1,$6987809.72,62.78,65
364,Micheline Laxston,,12/21/2020,Type B,Group 3,Part 1,$5978090.72,59.33,996
365,Lebbie Milthorpe,,10/27/2020,Type B,Group 2,Part 2,$6717042.77,57.39,846
366,Erina Gutsell,,8/27/2020,Type A,Group 1,Part 3,$2018689.88,91.26,551
367,Tuckie Sumption,,11/4/2020,Type A,Group 3,Part 1,$5587989.02,22.66,816
368,Skippy Barrowcliff,,6/15/2020,Type A,Group 1,Part 3,$4426999.43,65.56,132
369,Rebe Gable,,2/9/2020,Type A,Group 2,Part 1,$7085317.38,66.97,948
370,Bertine Murby,,12/5/2020,Type C,Group 1,Part 2,$5475795.14,49.96,642
371,Bethanne Knight,,4/29/2020,Type B,Group 2,Part 3,$2127279.68,74.88,173
372,Reggis O'Scandall,,1/26/2020,Type C,Group 2,Part 2,$64247.03,33.19,145
373,Tedda Toolin,,4/23/2020,Type C,Group 2,Part 3,$6839513.15,13.36,794
374,Dede Congreve,,4/30/2020,Type B,Group 3,Part 3,$6885226.98,53.33,534
375,Willi Holdren,,11/26/2020,Type A,Group 3,Part 1,$4405894.27,68.21,645
376,Tabbatha Davidowich,Île-de-France,5/2/2020,Type C,Group 3,Part 2,$8219358.29,41.21,622
377,Minette Harriday,,11/23/2020,Type A,Group 2,Part 1,$8400724.29,53.18,905
378,Saleem Andrieu,,7/23/2020,Type A,Group 2,Part 3,$7595955.69,94.44,160
379,Cherilynn Boig,Île-de-France,6/13/2020,Type A,Group 2,Part 2,$1188076.52,9.03,28
380,Jermaine Preene,,3/13/2020,Type B,Group 1,Part 2,$9572109.62,11.15,248
381,Marcille Bonder,,3/24/2020,Type C,Group 3,Part 1,$3483965.70,9.14,285
382,Jilly Hrishanok,,9/21/2020,Type A,Group 2,Part 2,$7754843.26,45.79,965
383,Myra Fraczak,Aveiro,1/26/2020,Type B,Group 2,Part 3,$786525.22,28.07,151
384,Dulcie Gare,,1/9/2020,Type C,Group 2,Part 3,$1955379.17,78.44,947
385,Ryley Rainey,,5/26/2020,Type C,Group 2,Part 3,$6557813.47,5.46,53
386,Godiva Barnshaw,,11/26/2020,Type C,Group 1,Part 1,$4131263.62,44.05,773
387,Constantina Spitaro,,1/24/2020,Type A,Group 2,Part 3,$7199636.81,3.14,589
388,Ced Coggen,,3/11/2020,Type B,Group 3,Part 2,$884252.76,38.31,129
389,Bill Pioli,,2/10/2020,Type C,Group 1,Part 1,$3674726.87,81.82,208
390,Siusan Brash,,9/2/2020,Type C,Group 2,Part 3,$1910121.02,67.96,305
391,Justinian Stripp,,7/25/2020,Type B,Group 3,Part 1,$4376813.40,48.09,790
392,Amelie Chastel,,7/25/2020,Type C,Group 1,Part 1,$8872710.09,34.89,603
393,Merrielle Beyer,,12/5/2020,Type B,Group 2,Part 1,$4186545.65,56.92,648
394,Homer Gallamore,,8/8/2020,Type B,Group 1,Part 2,$2402831.00,25.76,937
395,Noella Dumingo,Poitou-Charentes,9/17/2020,Type A,Group 1,Part 2,$3377816.10,42.94,279
396,Isabel Rubinlicht,,5/9/2020,Type A,Group 3,Part 3,$2466789.62,38.65,683
397,Dirk Polkinghorne,Florida,3/8/2020,Type B,Group 1,Part 3,$3111370.29,9.73,815
398,Carlene Borrington,Östergötland,7/5/2020,Type B,Group 3,Part 1,$3534214.65,64.77,275
399,Janela Titchard,,10/14/2020,Type B,Group 3,Part 2,$6448891.95,7.81,794
400,Clareta Laugier,,1/12/2020,Type B,Group 2,Part 2,$5840847.08,2.62,68
401,Cornelle Safell,,10/27/2020,Type A,Group 3,Part 2,$1642396.12,10.11,834
402,Hazlett Van,,11/10/2020,Type C,Group 3,Part 2,$1640120.01,66.99,741
403,Berti Uvedale,,9/9/2020,Type A,Group 1,Part 1,$8492792.58,7.87,404
404,Druci Calverley,,6/7/2020,Type B,Group 1,Part 2,$5602728.23,97.42,582
405,Loree McTurley,,12/12/2020,Type B,Group 1,Part 3,$708965.08,67.86,212
406,Dennis Duly,,1/19/2020,Type B,Group 1,Part 1,$79075.48,56.47,968
407,Kass Scohier,,2/16/2020,Type C,Group 1,Part 1,$6490116.08,55.18,802
408,Charlena Firth,,2/28/2020,Type A,Group 1,Part 1,$1276587.48,24.52,503
409,Rodina Gregor,Santarém,1/31/2020,Type B,Group 1,Part 3,$6675124.34,18.2,829
410,Lita Dyte,,5/24/2020,Type B,Group 1,Part 3,$9802941.62,35.6,810
411,Meghann Cunliffe,,5/13/2020,Type A,Group 3,Part 3,$3533768.34,7.8,309
412,Rubia Sagg,,11/29/2020,Type C,Group 1,Part 2,$6767857.21,55.31,619
413,Jackelyn Fagence,,12/4/2020,Type C,Group 1,Part 3,$4389358.65,45.71,727
414,Maximo McKendo,,3/20/2020,Type A,Group 3,Part 1,$6620472.48,96.25,398
415,Porter Wailes,Västra Götaland,4/6/2020,Type B,Group 1,Part 3,$1821575.18,53.9,613
416,Butch Simeonov,,12/15/2020,Type C,Group 3,Part 2,$7627668.66,6.8,46
417,Andre David,,7/7/2020,Type C,Group 3,Part 1,$6330442.81,87.48,771
418,Vale Nockles,,6/9/2020,Type A,Group 1,Part 2,$443281.01,68.65,118
419,Sheela Maren,,2/12/2020,Type B,Group 1,Part 1,$4351246.11,23.58,13
420,Devland Sone,,8/3/2020,Type B,Group 3,Part 2,$2492820.52,72.11,129
421,Becka Redhole,,4/7/2020,Type A,Group 3,Part 1,$4139771.14,30.86,698
422,Hersh Muldoon,,12/21/2020,Type C,Group 2,Part 1,$967227.65,77.69,785
423,Brynne Dougary,,10/12/2020,Type A,Group 2,Part 2,$6257748.16,37.49,145
424,Karlens Tarbard,Louisiana,4/5/2020,Type B,Group 3,Part 3,$2638928.28,15.18,453
425,Aileen McMurtyr,,6/18/2020,Type C,Group 3,Part 3,$5016931.82,15.68,630
426,Peterus Stiell,,6/9/2020,Type B,Group 2,Part 1,$3780984.11,61.79,124
427,Jules Belchamp,,9/11/2020,Type A,Group 2,Part 2,$5872278.18,55.66,444
428,Pepillo Ashbee,,10/21/2020,Type C,Group 3,Part 3,$7507558.21,13.33,666
429,Madelaine Sprull,,5/5/2020,Type A,Group 1,Part 1,$7481980.90,70.45,761
430,Janelle Waskett,,2/28/2020,Type A,Group 1,Part 1,$4284871.72,99.65,158
431,Audrie McQuirk,,12/25/2020,Type C,Group 2,Part 1,$4990563.39,73.58,778
432,Ellswerth Sayward,,5/9/2020,Type B,Group 2,Part 2,$7108412.29,58.63,401
433,Jenn Phethean,,10/6/2020,Type B,Group 2,Part 2,$4459810.94,27.47,907
434,Winnifred Castelow,,10/16/2020,Type B,Group 3,Part 2,$4184015.19,18.57,285
435,Paulie McLaine,,3/31/2020,Type C,Group 2,Part 2,$5594146.20,4.0,583
436,Francesco De Carlo,,3/20/2020,Type C,Group 1,Part 3,$6153763.95,93.54,558
437,Cammy Grastye,,12/14/2020,Type C,Group 1,Part 1,$6579261.16,56.0,967
438,Lorens Bacon,,7/4/2020,Type C,Group 2,Part 2,$480650.80,20.12,439
439,Starr Rodenhurst,,11/18/2020,Type B,Group 3,Part 2,$2112343.19,15.81,122
440,Ryan Herreran,,10/5/2020,Type A,Group 3,Part 3,$9703378.80,30.8,94
441,Pippy Organer,,8/27/2020,Type B,Group 3,Part 3,$951691.57,56.38,700
442,Karmen Pagitt,Virginia,5/8/2020,Type B,Group 1,Part 3,$1100856.76,75.58,503
443,Andre Eatttok,,6/22/2020,Type C,Group 3,Part 2,$9851306.59,82.04,799
444,Conney Bruford,,9/2/2020,Type C,Group 1,Part 3,$6810863.30,27.14,773
445,Carley Santon,Guanajuato,1/7/2020,Type C,Group 1,Part 3,$5800075.58,70.72,34
446,Wyatt Kropach,,7/26/2020,Type A,Group 2,Part 1,$3012957.03,53.3,592
447,Aurora Castano,Pays de la Loire,4/23/2020,Type C,Group 2,Part 1,$808952.00,66.62,171
448,Winifield Wane,,6/3/2020,Type C,Group 2,Part 1,$2141935.11,52.13,821
449,Datha Ughelli,,4/26/2020,Type C,Group 2,Part 3,$4138984.29,53.88,878
450,Karoline Lunn,,7/29/2020,Type B,Group 3,Part 2,$4892284.00,55.48,85
451,Osborne Rubinowicz,,4/27/2020,Type B,Group 2,Part 1,$940205.84,83.58,930
452,Blair Broadbear,,4/6/2020,Type C,Group 1,Part 1,$531855.31,74.19,512
453,Pembroke Rimmer,,12/8/2020,Type C,Group 1,Part 3,$2749787.84,81.98,681
454,Glori Mockler,Pays de la Loire,2/24/2020,Type B,Group 3,Part 1,$4833221.55,47.96,550
455,Murdoch Shilstone,,11/23/2020,Type C,Group 3,Part 1,$5450659.35,66.25,910
456,Hilly Huggan,,7/2/2020,Type B,Group 3,Part 2,$5898177.69,37.36,948
457,Bord Mapstone,,8/13/2020,Type B,Group 1,Part 3,$4513914.09,26.8,968
458,Humbert Kingsnorth,,7/19/2020,Type C,Group 1,Part 1,$7906996.65,27.36,869
459,Yoshi Vasentsov,,6/11/2020,Type A,Group 1,Part 3,$5767657.21,20.03,251
460,Benedicto Loan,,11/21/2020,Type C,Group 2,Part 2,$9680316.71,58.02,997
461,Arlina Noakes,Centre,8/9/2020,Type B,Group 1,Part 1,$9943556.70,81.0,260
462,Jordan Eberdt,,9/16/2020,Type C,Group 2,Part 2,$9021769.47,16.47,129
463,Erinna MacKerley,,2/6/2020,Type B,Group 1,Part 3,$3230664.39,36.16,650
464,Kristofer Coverdale,Île-de-France,3/13/2020,Type B,Group 3,Part 1,$4784214.41,80.17,408
465,Drusilla Reims,,6/10/2020,Type C,Group 1,Part 1,$59879.77,96.69,200
466,Grier Caldera,,12/18/2020,Type A,Group 2,Part 2,$509632.82,41.28,406
467,Tate Reek,,5/22/2020,Type C,Group 1,Part 2,$1968978.33,25.77,926
468,Laurianne Peaurt,,5/2/2020,Type B,Group 3,Part 2,$1697812.09,30.5,145
469,Hamnet Affleck,,2/16/2020,Type C,Group 2,Part 2,$4554582.16,31.36,34
470,Danila Schankelborg,,7/6/2020,Type B,Group 1,Part 1,$4679280.66,83.49,987
471,Dotty Aronov,,3/21/2020,Type C,Group 3,Part 3,$8832571.59,0.73,470
472,Laraine Gurry,,9/20/2020,Type C,Group 1,Part 2,$7310001.92,93.67,758
473,Gennie Beetham,,5/1/2020,Type C,Group 2,Part 2,$5467272.62,19.68,747
474,Isidora Golagley,,5/23/2020,Type B,Group 2,Part 1,$3063172.04,76.52,612
475,Cortie Ferrarone,,5/17/2020,Type C,Group 3,Part 2,$1872909.34,54.71,243
476,Minette Arstingall,,4/26/2020,Type C,Group 3,Part 3,$300873.43,25.85,92
477,Dew Attock,,4/7/2020,Type B,Group 2,Part 3,$5131622.33,71.71,812
478,Etienne O'Regan,,8/29/2020,Type C,Group 1,Part 2,$4981858.38,50.97,843
479,Sebastian Hynd,,5/20/2020,Type A,Group 1,Part 1,$8338445.57,41.53,678
480,Darrelle Charville,,10/20/2020,Type B,Group 3,Part 3,$396181.29,36.91,441
481,Sabina Gosnay,,3/5/2020,Type C,Group 1,Part 3,$9133336.04,89.15,839
482,Malva Ebertz,,7/27/2020,Type C,Group 1,Part 3,$4104692.04,28.72,998
483,Odey O Sullivan,,11/4/2020,Type B,Group 1,Part 3,$952892.90,31.2,920
484,Sonni Elman,,4/19/2020,Type B,Group 2,Part 1,$6026155.70,99.39,193
485,Querida Pexton,,5/10/2020,Type C,Group 1,Part 3,$2349442.73,81.82,680
486,Gwendolyn MacKniely,Tamaulipas,9/7/2020,Type A,Group 1,Part 3,$7294244.59,1.11,718
487,Flo Pidgeley,Corse,1/30/2020,Type B,Group 1,Part 2,$8937817.83,7.76,31
488,Haily Paffett,,7/27/2020,Type A,Group 2,Part 3,$9975766.27,37.39,635
489,Elwood Spini,,6/13/2020,Type C,Group 1,Part 2,$6163654.99,8.39,952
490,Leodora O' Donohue,California,8/3/2020,Type C,Group 3,Part 3,$6635651.92,66.12,945
491,Carly Marquiss,,7/27/2020,Type C,Group 3,Part 1,$2971496.14,91.05,867
492,Lucian Giametti,,10/4/2020,Type B,Group 2,Part 3,$1165453.78,96.42,671
493,Chicky Whistan,,10/31/2020,Type B,Group 1,Part 1,$7819844.17,7.7,622
494,Jillane Kitcat,,4/9/2020,Type A,Group 1,Part 1,$7280242.37,61.05,97
495,Sybil Putterill,,10/8/2020,Type C,Group 1,Part 3,$2204809.27,45.62,196
496,Sarene Collison,,2/10/2020,Type B,Group 2,Part 1,$3501384.54,21.47,425
497,Stella Philipsson,,6/30/2020,Type C,Group 3,Part 2,$2751999.71,44.49,826
498,Olivie Gomersal,,7/3/2020,Type A,Group 2,Part 1,$2547618.35,52.54,840
499,Onfroi Keymar,,1/27/2020,Type B,Group 1,Part 2,$9553896.64,14.63,864
500,Brockie Seys,,4/27/2020,Type B,Group 2,Part 2,$2626610.32,49.88,863
501,Coriss Garmanson,Porto,12/7/2020,Type C,Group 2,Part 1,$4130936.37,6.26,746
502,Renard Clear,,9/4/2020,Type A,Group 3,Part 1,$3529522.53,17.09,9
503,Bernadine Vigneron,,2/4/2020,Type C,Group 3,Part 2,$9639680.67,11.42,208
504,Erhart Le Grand,,10/17/2020,Type A,Group 1,Part 3,$2270499.90,68.55,977
505,Aldus Francello,Chiapas,12/7/2020,Type A,Group 1,Part 3,$6932899.07,51.34,513
506,Brietta Moyser,,7/19/2020,Type C,Group 1,Part 2,$3416927.92,64.56,863
507,Liam Fullicks,Ilha de São Miguel,4/23/2020,Type A,Group 1,Part 3,$7034462.82,66.12,655
508,Jannel Gianilli,,12/27/2020,Type C,Group 3,Part 1,$6976076.92,26.69,277
509,Licha Mille,,8/7/2020,Type C,Group 2,Part 1,$8107207.23,52.35,934
510,Jeralee Cuss,,4/1/2020,Type A,Group 3,Part 2,$4673948.68,47.21,389
511,Wynne Patters,Niedersachsen,1/28/2020,Type C,Group 3,Part 2,$5280967.91,40.4,19
512,Else Gauvain,Leiria,3/9/2020,Type A,Group 2,Part 1,$53730.46,44.54,822
513,Margi Byrth,,1/10/2020,Type C,Group 1,Part 3,$4294764.35,53.12,992
514,Kayle Chastand,,6/24/2020,Type B,Group 2,Part 2,$7293947.84,91.87,841
515,Wilton Le Clercq,,1/25/2020,Type C,Group 1,Part 1,$8649516.83,12.12,623
516,Liva Barkworth,,3/30/2020,Type A,Group 1,Part 3,$7730836.17,83.59,113
517,Tedda Alsford,,6/30/2020,Type B,Group 1,Part 3,$3286829.61,54.73,689
518,Harri Giffkins,,5/7/2020,Type A,Group 3,Part 3,$4777518.41,35.5,428
519,Bobbee Ewestace,,11/17/2020,Type A,Group 3,Part 3,$3320206.14,93.87,764
520,Sutton Schimke,Örebro,2/18/2020,Type C,Group 2,Part 1,$7920406.24,71.2,969
521,Candace Blodgett,,2/21/2020,Type A,Group 3,Part 3,$7664717.24,80.85,465
522,Farr Werner,,8/13/2020,Type C,Group 2,Part 2,$1466345.22,19.71,526
523,Arluene Davidovitch,,8/24/2020,Type A,Group 3,Part 3,$2304144.07,28.63,261
524,Egan Smallwood,,6/26/2020,Type B,Group 1,Part 2,$4320323.49,44.07,879
525,Guendolen Croucher,,10/14/2020,Type B,Group 2,Part 3,$7614726.73,49.84,777
526,Babbie Gabotti,,12/17/2020,Type B,Group 2,Part 3,$7593785.95,44.03,54
527,Dukey Krojn,,11/12/2020,Type A,Group 2,Part 3,$577256.35,70.13,435
528,Garwin Franzotto,,11/16/2020,Type B,Group 1,Part 2,$4162489.66,14.35,283
529,Kiley Scudder,,5/5/2020,Type B,Group 2,Part 3,$6689142.10,5.56,754
530,Rosanna Adderley,,4/7/2020,Type A,Group 1,Part 1,$6075955.18,17.93,920
531,Quinn Petrushka,,6/29/2020,Type B,Group 1,Part 1,$5359960.20,25.48,671
532,Loreen Emby,,4/25/2020,Type B,Group 1,Part 2,$1179410.83,99.78,842
533,Alexia Buxsey,,1/1/2020,Type A,Group 2,Part 1,$2495876.55,79.55,841
534,Joy Livoir,,4/12/2020,Type B,Group 1,Part 2,$1647553.25,77.91,852
535,Bail Ferenc,,8/27/2020,Type C,Group 2,Part 2,$4598332.70,0.19,311
536,Winny Orbon,,2/7/2020,Type B,Group 1,Part 2,$2034455.02,93.23,759
537,Elinor Berridge,Östergötland,12/1/2020,Type B,Group 3,Part 2,$3897122.70,69.84,48
538,Lauren Guinnane,,9/8/2020,Type A,Group 2,Part 3,$9726035.69,9.12,362
539,Tabatha Dines,,1/15/2020,Type C,Group 1,Part 2,$5710046.89,32.29,788
540,Winne Wanka,,10/27/2020,Type C,Group 3,Part 2,$5587905.24,15.05,588
541,Yoshi Brandreth,,6/22/2020,Type B,Group 2,Part 1,$6036699.28,54.32,632
542,Erminia Tyrone,Viseu,11/26/2020,Type B,Group 3,Part 3,$1943329.26,28.32,273
543,Jaimie Renton,Stockholm,7/12/2020,Type B,Group 3,Part 2,$3942794.06,33.01,394
544,Roberta Learoyde,,5/7/2020,Type B,Group 2,Part 1,$2259257.52,9.07,772
545,Violet Unsworth,,8/24/2020,Type A,Group 3,Part 1,$8585038.27,60.96,606
546,Abigail Postle,,1/15/2020,Type A,Group 3,Part 2,$3172995.63,82.13,337
547,Julissa Hansman,,10/16/2020,Type A,Group 1,Part 1,$9732416.97,10.97,192
548,Clayborn D'eye,,8/14/2020,Type A,Group 2,Part 1,$8539933.54,54.58,113
549,Hugibert Bosch,Île-de-France,2/12/2020,Type B,Group 1,Part 1,$2355909.95,53.2,424
550,Lorelei Quipp,,11/3/2020,Type A,Group 1,Part 2,$3771394.61,62.71,157
551,Niki Casino,,11/1/2020,Type B,Group 3,Part 3,$6434186.12,92.7,41
552,Norbert Prestie,,2/17/2020,Type C,Group 1,Part 3,$878654.87,96.1,622
553,Ody Duester,,4/5/2020,Type A,Group 2,Part 3,$2315830.82,70.64,674
554,Rozamond Boughtflower,,12/24/2020,Type A,Group 1,Part 1,$6735840.24,67.12,718
555,Clare Gapper,Île-de-France,8/16/2020,Type A,Group 1,Part 3,$5049902.25,94.42,572
556,Bren MacPhaden,,9/13/2020,Type C,Group 1,Part 1,$3927260.44,48.79,370
557,Ofilia Damerell,,11/18/2020,Type B,Group 1,Part 1,$4657499.18,79.98,29
558,Gunter Manuelli,,6/17/2020,Type B,Group 3,Part 2,$2390333.30,63.75,238
559,Kesley Deane,Santarém,7/15/2020,Type B,Group 2,Part 1,$5978842.32,76.26,230
560,Carce Ballance,,11/2/2020,Type B,Group 2,Part 3,$7285642.96,66.77,858
561,Royce Halleybone,,5/19/2020,Type C,Group 2,Part 3,$230098.31,30.81,397
562,Barnabas Licence,Santarém,9/28/2020,Type C,Group 2,Part 3,$6873384.14,62.26,268
563,Anna-diane Jayne,,5/23/2020,Type C,Group 3,Part 3,$5819730.38,16.66,165
564,Goran Rodgers,,2/29/2020,Type A,Group 3,Part 1,$6866155.43,8.34,23
565,Lynnette Stedman,Mexico,5/2/2020,Type C,Group 3,Part 3,$5488096.04,8.88,792
566,Brinna Need,Île-de-France,4/23/2020,Type B,Group 3,Part 1,$1573063.80,96.97,713
567,Cybill Barbisch,,4/14/2020,Type A,Group 1,Part 1,$7687882.43,18.98,84
568,Linette Martignoni,,3/25/2020,Type C,Group 2,Part 3,$7301914.09,54.39,92
569,Margarethe Rossey,,6/30/2020,Type C,Group 3,Part 3,$7424143.11,47.02,799
570,Gaston Rushforth,,10/27/2020,Type A,Group 1,Part 2,$9172868.66,4.67,453
571,Kacie Paxman,,11/8/2020,Type C,Group 3,Part 1,$5956625.02,20.03,821
572,Melosa Dinning,Andalucia,8/28/2020,Type C,Group 2,Part 3,$3941566.64,34.08,244
573,Dionne Orgee,Nuevo Leon,4/1/2020,Type B,Group 3,Part 1,$3325104.31,82.93,21
574,Christy Gisbourn,,4/5/2020,Type A,Group 2,Part 1,$5872753.21,1.11,873
575,Clo Winterbourne,,9/12/2020,Type A,Group 1,Part 2,$2396275.39,66.21,520
576,Katheryn MacTerlagh,,11/14/2020,Type B,Group 3,Part 1,$7962968.09,74.43,670
577,Antonella Hardinge,,8/5/2020,Type B,Group 2,Part 3,$1261408.40,40.34,647
578,Jewel Garwood,,9/21/2020,Type B,Group 2,Part 1,$7567898.36,21.17,9
579,Beltran Parcells,,3/13/2020,Type A,Group 2,Part 3,$3241795.22,72.59,600
580,Emera Duquesnay,,2/10/2020,Type A,Group 3,Part 2,$8138295.74,86.88,986
581,Cloris Hair,,7/27/2020,Type A,Group 2,Part 3,$8435625.99,44.56,564
582,Morty Tissier,,2/4/2020,Type A,Group 1,Part 2,$8904183.43,47.02,716
583,Neely Kubal,,8/18/2020,Type B,Group 2,Part 1,$2506751.06,55.78,212
584,Bobinette Dominici,,11/10/2020,Type C,Group 2,Part 3,$6400959.06,55.03,6
585,Caitrin Ilieve,,6/20/2020,Type A,Group 2,Part 1,$1822791.18,27.97,413
586,Goldie Gumey,,1/11/2020,Type C,Group 2,Part 3,$1810122.35,29.99,768
587,Harmon Cuttell,,11/18/2020,Type B,Group 1,Part 3,$6127731.43,51.05,966
588,Verene Titmuss,Bragança,9/25/2020,Type B,Group 2,Part 3,$8578823.18,80.34,439
589,Gideon Crannage,,10/27/2020,Type A,Group 2,Part 3,$2589081.10,15.02,57
590,Hatty Gurr,,12/15/2020,Type B,Group 1,Part 3,$8462334.27,11.68,767
591,Gaynor de Clerc,California,3/18/2020,Type A,Group 1,Part 2,$6936593.66,5.13,868
592,Cassie Boundley,,1/8/2020,Type B,Group 1,Part 3,$2188423.28,6.06,853
593,Danna Kenzie,,2/2/2020,Type C,Group 2,Part 2,$2888198.55,60.32,466
594,Bevan Roeby,,5/10/2020,Type B,Group 1,Part 2,$350616.42,59.67,436
595,Katusha Rottger,,5/26/2020,Type C,Group 3,Part 3,$4750069.58,70.66,444
596,Giffy Leithgoe,,7/28/2020,Type A,Group 2,Part 3,$183874.23,43.32,203
597,Xaviera Castiello,Aquitaine,4/6/2020,Type B,Group 1,Part 3,$7223442.02,7.8,770
598,Collette Ainsworth,New York,4/19/2020,Type B,Group 2,Part 3,$1160161.16,54.97,964
599,Breena Aveson,,7/29/2020,Type B,Group 1,Part 3,$9181037.48,80.44,965
600,Tilda Bish,,9/21/2020,Type A,Group 1,Part 3,$1153162.59,66.89,285
601,Panchito Berardt,,7/6/2020,Type C,Group 1,Part 2,$2726503.87,83.39,569
602,Sashenka Ivashchenko,Porto,1/2/2020,Type A,Group 3,Part 2,$6365509.83,80.63,572
603,Lutero Knibb,,7/10/2020,Type B,Group 3,Part 3,$2321181.30,89.01,591
604,Solomon Stables,,6/28/2020,Type B,Group 2,Part 2,$1383138.49,71.78,815
605,Tadeas Younghusband,,2/6/2020,Type B,Group 3,Part 3,$5891996.35,36.27,807
606,Hope Delyth,,11/30/2020,Type B,Group 3,Part 3,$8667281.40,38.36,369
607,Rosette Ruilton,,4/19/2020,Type A,Group 3,Part 1,$1561863.40,6.19,879
608,Gnni Glossop,,1/20/2020,Type B,Group 1,Part 2,$4656775.56,38.42,99
609,Josefina January 1st,,2/20/2020,Type C,Group 1,Part 3,$3674979.45,12.65,890
610,Aurora Kuhle,,7/26/2020,Type C,Group 2,Part 2,$4115113.70,9.31,729
611,Lisa Pasby,,6/25/2020,Type C,Group 1,Part 2,$1271832.30,28.43,152
612,Sunny Cramb,,8/28/2020,Type B,Group 2,Part 1,$6395892.65,10.55,294
613,Padraig Burgher,,1/25/2020,Type C,Group 2,Part 1,$9411471.73,18.02,439
614,Noach O'Crigan,,5/6/2020,Type C,Group 1,Part 1,$8836987.19,11.39,784
615,Bruce Bullivent,,11/24/2020,Type C,Group 1,Part 1,$5782934.59,63.89,592
616,Iver Folkard,,2/3/2020,Type A,Group 2,Part 2,$3847823.62,42.97,681
617,Sheffield Matschke,,3/28/2020,Type A,Group 1,Part 2,$3925550.80,7.34,300
618,Katey Kynd,Texas,7/15/2020,Type C,Group 2,Part 1,$5285716.54,90.53,510
619,Garreth Michal,,4/12/2020,Type C,Group 3,Part 3,$9617742.94,26.99,191
620,Clare Brookwell,Santarém,6/23/2020,Type B,Group 3,Part 1,$4455280.69,77.67,582
621,Myriam Habeshaw,Porto,3/13/2020,Type A,Group 1,Part 3,$5252307.33,84.02,566
622,Claudine Champion,,3/18/2020,Type C,Group 3,Part 3,$280187.21,83.42,282
623,Lorraine Shopcott,,4/22/2020,Type B,Group 1,Part 2,$7114406.60,40.98,131
624,Selig Natalie,,11/22/2020,Type B,Group 2,Part 2,$614412.44,16.68,555
625,Abigael Whymark,,7/18/2020,Type B,Group 2,Part 2,$8690573.56,79.03,383
626,Francisca Jina,,8/1/2020,Type C,Group 2,Part 3,$8928089.19,52.8,622
627,Kettie Merrigan,Veracruz Llave,2/23/2020,Type C,Group 3,Part 1,$7452982.12,11.52,525
628,Orion Walklot,,12/17/2020,Type A,Group 3,Part 1,$5180155.56,64.78,928
629,Jobey Stanmore,,5/26/2020,Type C,Group 2,Part 2,$6611017.96,69.51,876
630,Suzette Morefield,,9/16/2020,Type C,Group 1,Part 2,$1476186.83,88.25,951
631,Otis Foukx,,8/28/2020,Type A,Group 3,Part 3,$1641836.77,79.74,518
632,Nikolaos Prantl,,11/24/2020,Type A,Group 1,Part 1,$397261.57,83.58,44
633,Giffard Thoumasson,,9/28/2020,Type A,Group 3,Part 2,$9945179.37,90.08,978
634,Tailor Parfitt,Provincie Friesland,6/18/2020,Type C,Group 1,Part 2,$6079709.82,23.27,114
635,Adams Hubbocks,Provence-Alpes-Côte d'Azur,12/23/2020,Type A,Group 1,Part 3,$111654.75,76.98,793
636,Faustina Ricson,,5/7/2020,Type C,Group 2,Part 2,$7330162.45,24.64,290
637,Schuyler Collie,,5/16/2020,Type C,Group 3,Part 3,$660975.65,58.15,577
638,Lindy Fenemore,,7/25/2020,Type A,Group 2,Part 2,$8518302.91,47.34,643
639,Rinaldo Ottee,Île-de-France,12/23/2020,Type A,Group 3,Part 3,$1631455.57,84.69,95
640,Malcolm Bim,,9/24/2020,Type A,Group 2,Part 1,$9761057.65,78.47,180
641,Becka Twyning,Stockholm,1/10/2020,Type A,Group 2,Part 1,$4313609.73,26.26,931
642,Hewitt Corstan,,7/22/2020,Type B,Group 2,Part 1,$4257138.29,99.21,185
643,Guendolen Gransden,,10/14/2020,Type C,Group 3,Part 2,$3136179.94,67.8,495
644,Giff Pogson,,9/18/2020,Type A,Group 1,Part 3,$3991203.50,99.38,818
645,Gloriane Alday,,6/5/2020,Type B,Group 3,Part 3,$7115795.40,18.45,813
646,Stinky Prisley,,5/11/2020,Type B,Group 1,Part 2,$8175512.15,36.18,564
647,Jonathan Clague,,12/16/2020,Type B,Group 1,Part 3,$9356886.52,6.21,343
648,Gabrila Carmont,,11/7/2020,Type B,Group 3,Part 2,$5616892.66,24.71,279
649,Ann-marie Phant,,4/9/2020,Type C,Group 1,Part 2,$4620960.75,65.09,551
650,Cordy Reichardt,Poitou-Charentes,7/31/2020,Type B,Group 1,Part 3,$2640548.85,18.71,914
651,Ned Cashley,Corse,4/22/2020,Type B,Group 2,Part 3,$67847.91,1.43,5
652,Gordon MacAllan,,9/29/2020,Type C,Group 3,Part 1,$4764536.96,8.05,323
653,Stephen Boule,,9/21/2020,Type A,Group 3,Part 3,$9462191.36,9.19,220
654,Yorker Mascall,,3/10/2020,Type A,Group 2,Part 2,$5794834.39,67.49,76
655,Ki Quinet,California,1/23/2020,Type B,Group 3,Part 1,$8437107.44,99.7,763
656,Louisette Ondrak,,2/28/2020,Type C,Group 2,Part 2,$8022432.41,46.42,255
657,Phoebe Aizikov,,7/16/2020,Type B,Group 2,Part 2,$4279782.59,97.48,88
658,Doralin Bradley,Québec,9/22/2020,Type B,Group 2,Part 1,$9878603.88,45.84,533
659,Claudio Alltimes,,1/9/2020,Type A,Group 3,Part 1,$8213139.30,75.82,570
660,Mable McCook,,3/24/2020,Type C,Group 1,Part 3,$6688690.12,38.85,712
661,Arlena Ingledow,,12/4/2020,Type C,Group 2,Part 1,$8517388.93,90.44,103
662,Annalee Grabert,,5/1/2020,Type A,Group 1,Part 2,$425701.61,5.55,124
663,Tammie Antonov,Västra Götaland,4/26/2020,Type A,Group 3,Part 1,$934838.74,48.79,37
664,Camellia Kettleson,Johor,6/12/2020,Type C,Group 3,Part 1,$4297836.27,48.67,93
665,Erminia Wilkins,,9/24/2020,Type A,Group 1,Part 3,$7363172.87,28.59,262
666,Edmund Barkworth,,6/13/2020,Type C,Group 3,Part 3,$452386.20,20.25,902
667,Caleb Gohier,Texas,4/5/2020,Type C,Group 2,Part 3,$3612462.89,36.02,380
668,Arlin Lovell,Sarawak,3/9/2020,Type C,Group 1,Part 3,$5922010.71,43.2,535
669,Aland Vedenyapin,,7/9/2020,Type C,Group 1,Part 1,$3947044.04,30.64,348
670,Meade Bambrick,,12/15/2020,Type C,Group 3,Part 2,$2791956.25,98.36,760
671,Imogen Dinzey,,7/31/2020,Type A,Group 1,Part 3,$3705363.86,98.48,489
672,Shoshanna Mance,Kelantan,6/2/2020,Type C,Group 2,Part 2,$2080964.85,68.14,62
673,Nicoli Kanwell,,10/17/2020,Type A,Group 2,Part 2,$5126913.05,73.66,755
674,Niles Primarolo,,3/16/2020,Type A,Group 3,Part 3,$3642548.21,41.6,300
675,Gnni Rushsorth,,4/1/2020,Type B,Group 2,Part 3,$1814670.36,55.71,223
676,Remy Poat,,7/28/2020,Type A,Group 2,Part 1,$5581858.22,11.14,383
677,Shermie Mahony,,11/24/2020,Type A,Group 1,Part 3,$7352933.76,12.35,761
678,Felita Kohlert,,7/30/2020,Type A,Group 3,Part 2,$3145880.24,52.49,159
679,Kippar McConnal,,11/7/2020,Type A,Group 2,Part 2,$4678744.31,4.49,206
680,Gerick Sirrell,Nord-Pas-de-Calais,5/29/2020,Type B,Group 3,Part 3,$2526082.88,53.18,70
681,Donia Lapenna,,9/15/2020,Type B,Group 3,Part 1,$1417976.49,57.02,888
682,Kerry Balle,,2/24/2020,Type C,Group 1,Part 2,$2297623.53,54.52,960
683,Granger Piwall,,7/23/2020,Type B,Group 3,Part 3,$1975164.85,43.21,716
684,Lorianna Lythgoe,,11/11/2020,Type B,Group 2,Part 3,$8627829.15,47.55,923
685,Tammara Glaserman,,7/3/2020,Type B,Group 3,Part 3,$3950823.41,47.48,603
686,Farrel Duley,,4/26/2020,Type C,Group 3,Part 3,$4612084.35,97.52,375
687,Vittorio Spurdle,,7/25/2020,Type C,Group 2,Part 1,$2118676.94,72.25,67
688,Shaylynn Pleasaunce,,3/21/2020,Type B,Group 2,Part 3,$2182311.97,50.39,199
689,Wainwright Rutter,,1/17/2020,Type A,Group 3,Part 1,$128874.86,10.96,17
690,Zorina Capper,California,6/4/2020,Type C,Group 1,Part 2,$7857077.59,70.47,371
691,Torre Hanshaw,,5/19/2020,Type C,Group 2,Part 3,$203379.69,73.39,68
692,Boy Creedland,,10/20/2020,Type C,Group 2,Part 2,$3867095.77,57.22,466
693,Isaiah Esposita,,5/20/2020,Type A,Group 3,Part 1,$475037.35,58.57,408
694,Johannah Presslie,,12/14/2020,Type A,Group 3,Part 3,$9725611.03,94.18,936
695,Dianne Gorriessen,,5/3/2020,Type B,Group 2,Part 2,$6663317.78,45.35,691
696,Rhody Dumberell,Braga,7/1/2020,Type B,Group 1,Part 3,$1358133.37,37.1,58
697,Welch Barme,,2/16/2020,Type A,Group 1,Part 3,$9875775.53,84.3,31
698,Editha Attwool,,10/7/2020,Type B,Group 3,Part 1,$3066451.15,29.26,411
699,Torrin Cramphorn,,6/1/2020,Type B,Group 1,Part 2,$4759789.80,32.78,39
700,Hamel Thomkins,,8/29/2020,Type C,Group 1,Part 1,$350889.70,89.83,998
701,Juliette Corzon,,9/26/2020,Type B,Group 1,Part 3,$9551124.04,3.6,235
702,Anabella Assel,,7/31/2020,Type C,Group 3,Part 3,$1959112.94,80.15,926
703,Hillier Stothart,,4/12/2020,Type C,Group 2,Part 2,$4197475.28,84.34,13
704,Normie Patroni,Skåne,8/13/2020,Type C,Group 3,Part 3,$1655915.17,81.78,461
705,Jacklyn Perris,,11/15/2020,Type B,Group 3,Part 2,$6493656.20,45.2,857
706,Marja Jimeno,,11/1/2020,Type C,Group 3,Part 2,$6789818.18,11.52,389
707,Benny Moon,,11/21/2020,Type A,Group 1,Part 3,$8289230.55,23.63,953
708,Johanna Velde,,1/30/2020,Type C,Group 3,Part 3,$1726622.32,40.39,945
709,Ashely Minard,,1/20/2020,Type B,Group 2,Part 3,$479019.00,6.15,80
710,Lindy Gover,,1/18/2020,Type A,Group 2,Part 1,$9157409.94,38.1,141
711,Hanna Rame,,3/20/2020,Type B,Group 1,Part 1,$3276266.82,32.27,7
712,Martynne Egle,,1/13/2020,Type B,Group 2,Part 3,$5315228.62,50.69,448
713,Fredrick Lanfer,,12/3/2020,Type B,Group 2,Part 3,$9979603.35,82.54,135
714,Cassandry Laugheran,,4/3/2020,Type B,Group 1,Part 2,$2626508.36,2.84,148
715,Gabey Jenner,,1/21/2020,Type B,Group 1,Part 1,$5902538.96,5.83,273
716,Dannel Gerold,,6/2/2020,Type C,Group 2,Part 1,$8471302.83,87.56,113
717,Geralda Boom,Île-de-France,12/22/2020,Type A,Group 1,Part 2,$2573217.00,59.28,989
718,Rozalin Sharer,,12/10/2020,Type C,Group 3,Part 1,$8792215.36,56.49,946
719,Cassandry Lewton,,11/26/2020,Type B,Group 1,Part 2,$3198336.97,6.92,640
720,Nikki Morais,Louisiana,3/2/2020,Type B,Group 2,Part 3,$3165239.86,65.4,65
721,Portia Scrange,,11/3/2020,Type A,Group 2,Part 2,$5379777.95,74.01,711
722,Jayne Colicot,,9/13/2020,Type C,Group 2,Part 3,$5839559.98,86.5,328
723,Dunn Beeston,,5/5/2020,Type C,Group 3,Part 2,$6290824.76,93.64,505
724,Emmott Jackling,Provincie Gelderland,10/21/2020,Type C,Group 2,Part 3,$3050940.11,64.19,279
725,Brennan Von Helmholtz,,11/19/2020,Type C,Group 1,Part 2,$6456707.84,58.02,905
726,Desiree Dabnor,,12/16/2020,Type B,Group 3,Part 2,$1068849.69,26.42,215
727,Dallas Dohr,,12/17/2020,Type B,Group 1,Part 2,$7564215.53,49.53,690
728,Cecilius Vanderplas,,12/20/2020,Type C,Group 1,Part 1,$6820773.05,48.21,906
729,Flo Gerrad,,11/1/2020,Type C,Group 2,Part 2,$9458527.35,2.6,1
730,Corliss Colley,,3/25/2020,Type C,Group 1,Part 1,$2798810.23,50.8,193
731,Killy Fletcher,,11/9/2020,Type A,Group 1,Part 3,$9810861.21,69.3,470
732,Jephthah Howlings,,11/9/2020,Type C,Group 1,Part 1,$6790341.64,77.41,502
733,Cy Von Oertzen,,1/25/2020,Type C,Group 1,Part 1,$7513544.44,38.89,647
734,Tally Ridhole,,7/12/2020,Type A,Group 2,Part 3,$812161.33,78.76,160
735,Jojo Mishaw,,4/19/2020,Type B,Group 2,Part 1,$7963548.00,89.48,204
736,Darelle Aggs,,3/18/2020,Type B,Group 1,Part 3,$1174268.23,19.18,710
737,Bill Snookes,,3/5/2020,Type A,Group 1,Part 2,$6553425.79,6.41,218
738,Umeko Whatmough,,4/9/2020,Type A,Group 3,Part 3,$540986.19,60.48,152
739,Lou Jarmaine,,11/30/2020,Type A,Group 3,Part 3,$3522225.48,21.51,250
740,Cart Darbey,,1/4/2020,Type C,Group 3,Part 3,$5200875.30,77.09,251
741,Anjela Godehard.sf,Provincie Zuid-Holland,12/22/2020,Type A,Group 2,Part 3,$6073756.19,32.68,698
742,Milo Learmouth,,5/6/2020,Type A,Group 2,Part 3,$2426615.67,20.74,860
743,Beau Cordrey,,3/4/2020,Type B,Group 3,Part 1,$8818891.30,93.27,240
744,Blair Penas,,5/17/2020,Type B,Group 2,Part 3,$1343241.93,69.75,583
745,Findley Borrie,,2/19/2020,Type A,Group 1,Part 2,$9160674.54,0.87,926
746,Loise Tingcomb,New Jersey,12/13/2020,Type A,Group 1,Part 1,$4132913.60,55.22,582
747,Arnold Birtle,,5/8/2020,Type B,Group 2,Part 1,$5063115.79,93.03,802
748,Roarke Cogle,,9/16/2020,Type A,Group 2,Part 2,$5577711.66,28.98,216
749,Shelden Morehall,,7/11/2020,Type A,Group 2,Part 3,$919021.47,52.12,469
750,Bevan Semrad,,5/17/2020,Type C,Group 1,Part 3,$2604485.56,93.71,373
751,Essy Postlethwaite,,9/23/2020,Type A,Group 3,Part 2,$1205484.14,67.14,157
752,Simon Van Salzberger,England,11/25/2020,Type B,Group 2,Part 1,$8477252.12,87.23,628
753,Ring Lande,,2/5/2020,Type B,Group 1,Part 2,$1289892.67,39.46,946
754,Dorolisa Farrears,,8/20/2020,Type A,Group 3,Part 3,$2691813.07,45.78,367
755,Armando Brightman,,9/7/2020,Type B,Group 1,Part 3,$3008260.66,29.58,198
756,Dal Moan,,11/26/2020,Type A,Group 2,Part 3,$6134813.39,93.05,188
757,Ailee Peche,,12/10/2020,Type B,Group 2,Part 1,$820046.03,96.63,412
758,Arnoldo Klaus,,2/6/2020,Type C,Group 3,Part 2,$9835497.53,50.62,992
759,Troy Fern,,6/28/2020,Type B,Group 2,Part 1,$3354227.36,84.29,509
760,Wendy De Angelis,,12/19/2020,Type C,Group 1,Part 3,$6108052.63,98.7,689
761,Jeffie Aleshintsev,,6/7/2020,Type B,Group 3,Part 2,$2836079.97,73.91,500
762,Piotr Cockshutt,,5/11/2020,Type C,Group 1,Part 1,$6000487.16,48.5,594
763,Mavra Ghelardi,California,1/4/2020,Type C,Group 2,Part 3,$6801984.81,62.55,837
764,Terra Newitt,Stockholm,10/25/2020,Type B,Group 1,Part 1,$2165381.22,46.14,354
765,Desmond McUre,,6/23/2020,Type B,Group 3,Part 3,$8413394.86,74.28,321
766,Boigie Cordeux,,10/12/2020,Type B,Group 3,Part 3,$1573194.42,72.59,303
767,Corene Triggel,,7/7/2020,Type C,Group 3,Part 1,$4852266.96,95.23,99
768,Alie Knowller,,2/11/2020,Type A,Group 2,Part 3,$1621202.68,30.45,351
769,Ronna Tharme,,1/25/2020,Type B,Group 3,Part 1,$8937002.07,83.27,414
770,Lorant Alloisi,,4/7/2020,Type C,Group 3,Part 3,$663876.30,37.0,708
771,Lexis Boaler,,9/20/2020,Type C,Group 3,Part 1,$3813599.68,61.99,403
772,Ortensia Finnis,,3/21/2020,Type B,Group 1,Part 2,$5203426.80,18.76,400
773,Farrell Whicher,Braga,2/10/2020,Type C,Group 1,Part 1,$4165876.79,36.28,687
774,Griffie Coils,,7/21/2020,Type A,Group 3,Part 3,$2509941.64,97.77,58
775,Northrop Irvine,,7/23/2020,Type B,Group 1,Part 3,$2538626.69,31.44,283
776,Aime Lindenberg,,8/29/2020,Type C,Group 1,Part 2,$7292507.34,8.59,502
777,Tammy Hanhart,,10/12/2020,Type C,Group 2,Part 2,$3641657.90,83.24,650
778,Kimmy Dank,,5/26/2020,Type C,Group 3,Part 3,$9999103.90,53.26,918
779,Ashlie Tenniswood,,10/30/2020,Type A,Group 3,Part 1,$3056207.41,33.55,144
780,Esmeralda Jenman,,11/4/2020,Type A,Group 3,Part 1,$9125588.47,85.13,831
781,Alley Dick,,11/30/2020,Type B,Group 1,Part 2,$8130024.38,68.64,165
782,Fidole Ortzen,,5/6/2020,Type C,Group 3,Part 2,$556065.38,46.08,521
783,Kristoffer Oxteby,Veracruz Llave,10/6/2020,Type A,Group 3,Part 2,$9539056.77,82.28,90
784,Mariette Tuddenham,,4/7/2020,Type B,Group 1,Part 1,$8271594.04,96.25,169
785,Leonelle Kitson,,2/15/2020,Type C,Group 3,Part 1,$8320588.26,75.74,746
786,Deeann Deinhardt,,2/20/2020,Type B,Group 3,Part 1,$4149368.07,42.58,987
787,Hasty Ottosen,,11/1/2020,Type B,Group 3,Part 1,$9406809.90,75.38,132
788,Danielle Geering,Jász-Nagykun-Szolnok,4/15/2020,Type B,Group 3,Part 3,$133204.51,51.05,750
789,Kath Frushard,,5/22/2020,Type A,Group 1,Part 3,$4264679.73,77.09,918
790,Lorelle Hammerson,,3/30/2020,Type A,Group 2,Part 1,$8751630.71,5.7,368
791,Anastassia Leteurtre,,4/22/2020,Type B,Group 1,Part 2,$900201.70,7.66,417
792,Isidora Colisbe,,6/26/2020,Type C,Group 1,Part 1,$919223.19,16.59,759
793,Booth Vsanelli,,10/25/2020,Type C,Group 3,Part 2,$6633923.24,10.93,84
794,Parrnell Dye,,8/14/2020,Type C,Group 1,Part 2,$4163504.57,69.49,676
795,Elna Sykes,,2/27/2020,Type A,Group 2,Part 1,$1808865.57,32.73,544
796,Zackariah Tolputt,Jönköping,8/16/2020,Type B,Group 2,Part 2,$7042958.79,24.24,497
797,Vale Geke,,8/7/2020,Type B,Group 1,Part 2,$1740248.78,62.01,827
798,Maggie Awcock,,6/5/2020,Type A,Group 3,Part 2,$1440269.35,98.83,305
799,Dorine Gabbatt,Västra Götaland,2/9/2020,Type C,Group 2,Part 1,$1859512.22,81.57,536
800,Ellsworth Aizkovitch,,5/29/2020,Type B,Group 2,Part 2,$8287854.33,1.59,7
801,Corabel Dooly,,1/31/2020,Type B,Group 2,Part 3,$9126069.45,56.96,875
802,Mariquilla Beldon,,3/7/2020,Type A,Group 1,Part 1,$2426927.93,59.62,246
803,Letty Cassell,Haute-Normandie,9/16/2020,Type C,Group 2,Part 3,$2107690.16,0.95,834
804,Mendy McInteer,,2/29/2020,Type B,Group 1,Part 1,$3483747.72,93.8,358
805,Noelle Ruler,,6/10/2020,Type A,Group 1,Part 2,$2245467.69,98.77,569
806,Sherlock Jelleman,,10/7/2020,Type B,Group 3,Part 3,$3064599.18,15.89,101
807,Scarface Trye,,8/15/2020,Type B,Group 3,Part 2,$7028490.61,31.56,363
808,Norah Phinnis,,3/27/2020,Type B,Group 3,Part 3,$6214944.13,92.44,192
809,Tabbatha Ruddle,Aquitaine,11/1/2020,Type B,Group 1,Part 1,$8053933.42,80.26,93
810,Chiquita Stormonth,,5/10/2020,Type B,Group 2,Part 1,$1083313.31,97.17,853
811,Nike Arnowicz,,1/30/2020,Type A,Group 3,Part 3,$8714640.21,19.04,714
812,Urban Koppens,,2/23/2020,Type A,Group 2,Part 3,$9349459.01,2.38,457
813,Cacilie Worvill,,3/9/2020,Type B,Group 3,Part 1,$7762159.38,81.7,985
814,Georgetta Ivancevic,,6/12/2020,Type B,Group 2,Part 2,$2769094.94,46.14,381
815,Leann Setchfield,,11/2/2020,Type A,Group 1,Part 1,$597460.20,77.19,563
816,Gilli Dangerfield,,10/9/2020,Type B,Group 3,Part 2,$7181078.40,42.78,601
817,Shurlock Mitie,,2/16/2020,Type A,Group 2,Part 2,$2587076.47,11.54,876
818,Sigmund Elnough,Pays de la Loire,1/3/2020,Type A,Group 1,Part 3,$4365765.85,64.99,438
819,William Tisor,,12/1/2020,Type C,Group 3,Part 2,$9709393.80,56.44,523
820,Elfrieda Tree,,10/18/2020,Type C,Group 1,Part 3,$897315.20,96.89,835
821,Dimitry Dochon,,9/17/2020,Type C,Group 1,Part 1,$2100274.81,68.42,490
822,Nickolai Haborn,,2/15/2020,Type B,Group 2,Part 3,$5056349.89,87.52,354
823,Katuscha Bitten,Kelantan,3/31/2020,Type A,Group 2,Part 2,$8439168.49,82.7,869
824,Giuditta Tunesi,,9/29/2020,Type B,Group 2,Part 3,$445794.62,25.33,126
825,Diane-marie Dobby,Ilha de São Miguel,5/4/2020,Type C,Group 1,Part 3,$4308861.80,53.23,339
826,Rockie Endicott,,9/14/2020,Type A,Group 3,Part 2,$4982233.13,55.28,609
827,Ephrayim Sarfas,,5/24/2020,Type A,Group 2,Part 3,$5032322.35,36.36,241
828,Igor McGarvey,Missouri,10/1/2020,Type C,Group 1,Part 3,$6961270.79,78.49,315
829,Corabelle Russon,,10/6/2020,Type B,Group 2,Part 3,$8239984.14,0.04,484
830,Early Le Estut,,10/5/2020,Type A,Group 1,Part 3,$2326728.64,61.41,972
831,Johnathan Glayzer,,6/10/2020,Type C,Group 3,Part 1,$7865794.50,99.52,458
832,Wain Acott,,1/13/2020,Type B,Group 3,Part 3,$3260244.28,18.91,310
833,Luci Rignold,,11/24/2020,Type C,Group 1,Part 2,$9930252.70,15.97,313
834,Juliet Bottrill,,11/21/2020,Type B,Group 1,Part 3,$5374562.61,28.14,354
835,Sharity Booty,California,5/26/2020,Type C,Group 3,Part 2,$2279816.71,72.59,736
836,Kiri Redsall,,11/15/2020,Type A,Group 2,Part 1,$5986861.46,95.55,49
837,Bert Aiskovitch,,9/8/2020,Type C,Group 2,Part 3,$342128.07,4.63,341
838,Alberik Jeduch,,9/13/2020,Type A,Group 1,Part 2,$910108.70,73.21,212
839,Stephana Yakunkin,,9/12/2020,Type C,Group 1,Part 1,$5752372.47,93.05,60
840,Agnese Lovel,,3/4/2020,Type B,Group 3,Part 3,$7838960.53,17.73,180
841,Lockwood Scotcher,Poitou-Charentes,3/31/2020,Type A,Group 2,Part 2,$5787118.14,91.0,706
842,Verge Degli Abbati,,10/20/2020,Type A,Group 3,Part 1,$8544484.09,0.82,214
843,Gabrielle Geratt,,1/14/2020,Type C,Group 3,Part 2,$6138974.03,4.0,307
844,Marjie Doudney,Västra Götaland,10/3/2020,Type A,Group 1,Part 3,$5004594.98,0.91,218
845,Hashim Bruna,Viseu,4/10/2020,Type B,Group 3,Part 3,$5991926.54,66.15,668
846,Junia Crew,,7/29/2020,Type B,Group 2,Part 3,$2783768.42,82.43,493
847,Angel Gilsthorpe,,8/12/2020,Type A,Group 3,Part 1,$4897869.02,53.4,331
848,Clementia Cudd,Vestfold,8/28/2020,Type C,Group 2,Part 2,$8386237.80,59.46,163
849,Vivie Baude,,2/25/2020,Type C,Group 2,Part 3,$5538582.36,66.05,498
850,Burr Cardenoza,,1/17/2020,Type B,Group 2,Part 3,$537454.66,86.63,419
851,Luciano Leif,,5/17/2020,Type B,Group 2,Part 3,$8064936.00,44.5,214
852,Sandra Fessby,,11/22/2020,Type C,Group 2,Part 3,$2970357.85,14.49,921
853,Nellie Pile,,11/2/2020,Type C,Group 1,Part 3,$7654258.60,39.77,610
854,Alaric Corday,,5/21/2020,Type C,Group 2,Part 2,$2565202.16,11.7,567
855,Ronnie Chiles,,2/7/2020,Type A,Group 1,Part 3,$5163032.18,29.27,255
856,Woodie Wheal,,9/13/2020,Type C,Group 2,Part 1,$9393839.31,70.13,842
857,Dulciana Grayson,,4/12/2020,Type A,Group 3,Part 2,$8941943.27,84.12,241
858,Ashlin Bunclark,,8/15/2020,Type A,Group 1,Part 1,$8914337.45,93.0,439
859,Alphonso Buckby,,11/6/2020,Type A,Group 3,Part 2,$4198177.12,67.48,810
860,Allyce O'Collopy,,7/7/2020,Type A,Group 2,Part 1,$2039790.59,24.52,893
861,Tarra Bullivent,,11/3/2020,Type C,Group 2,Part 1,$3926433.55,20.5,215
862,Marylee Cleynaert,,7/14/2020,Type A,Group 3,Part 1,$8767633.64,67.51,895
863,Ezra Kalderon,,12/21/2020,Type C,Group 2,Part 3,$8111380.63,99.76,415
864,Maddy Sellwood,,11/17/2020,Type A,Group 1,Part 1,$8872972.94,56.35,155
865,Chauncey Redish,,10/12/2020,Type A,Group 1,Part 1,$919980.45,4.23,351
866,Bianca Vuitte,,1/10/2020,Type C,Group 2,Part 3,$6127906.10,7.62,382
867,Mirelle Riddell,,10/10/2020,Type C,Group 2,Part 1,$8002461.71,77.88,20
868,Susan Crossan,,2/8/2020,Type B,Group 1,Part 1,$774020.55,43.6,946
869,Freddie Calafate,,2/23/2020,Type A,Group 2,Part 2,$4122105.02,16.77,102
870,Malory Robertis,Aquitaine,10/28/2020,Type C,Group 3,Part 2,$2579978.36,67.63,593
871,Gene Paoletto,,7/17/2020,Type C,Group 2,Part 2,$3489477.29,50.85,114
872,Faustine Hamblington,Pays de la Loire,3/26/2020,Type A,Group 1,Part 1,$9041204.45,23.11,511
873,Valdemar Gheeorghie,,8/1/2020,Type C,Group 2,Part 1,$7001448.04,60.64,111
874,Morten Babcock,,3/2/2020,Type B,Group 1,Part 1,$6092501.42,12.61,391
875,Benny Whybray,,12/4/2020,Type B,Group 2,Part 1,$7652167.02,5.9,571
876,Hilliary Girardini,,12/14/2020,Type A,Group 1,Part 1,$7410041.02,30.61,613
877,Ursa Dallicoat,,6/22/2020,Type A,Group 1,Part 1,$6579239.61,32.33,101
878,Kalvin Trillow,,8/7/2020,Type A,Group 1,Part 2,$2840204.05,38.53,393
879,Juieta Stovell,,11/19/2020,Type A,Group 1,Part 1,$5009557.13,67.17,11
880,Cyndi Hailwood,,6/30/2020,Type C,Group 3,Part 2,$8402991.96,68.46,177
881,Gaston Rosenstein,,9/2/2020,Type A,Group 2,Part 1,$8742174.18,78.48,89
882,Kirstyn Larne,,11/15/2020,Type B,Group 2,Part 3,$1813585.54,46.69,182
883,Noel Fettis,,4/30/2020,Type B,Group 1,Part 2,$2194113.48,72.51,756
884,Rodney Moody,,9/24/2020,Type A,Group 1,Part 1,$9889203.18,93.0,542
885,Rafaellle Burgen,,3/25/2020,Type C,Group 1,Part 2,$3248153.38,51.6,998
886,Rhianna Enoksson,Tamaulipas,10/18/2020,Type B,Group 3,Part 3,$4091128.58,74.12,411
887,Harriot Robilart,,8/11/2020,Type A,Group 1,Part 3,$3895224.53,89.38,685
888,Alfonse Ivanitsa,,1/18/2020,Type C,Group 3,Part 3,$3281393.29,59.45,426
889,Berkley Hessenthaler,,12/17/2020,Type A,Group 1,Part 3,$3007954.38,68.11,381
890,Isaiah Darkin,,3/2/2020,Type C,Group 2,Part 1,$5911791.49,11.46,95
891,Russell Irce,,9/1/2020,Type C,Group 3,Part 3,$1135213.73,83.13,945
892,Deerdre Paolozzi,,4/1/2020,Type A,Group 3,Part 2,$2761714.78,18.38,463
893,Prinz Waddams,,6/8/2020,Type C,Group 1,Part 3,$4796241.91,57.24,87
894,Delila Furzey,,11/3/2020,Type B,Group 2,Part 2,$8917278.94,80.74,365
895,Katerine Patry,Stockholm,9/6/2020,Type A,Group 1,Part 3,$250112.87,64.69,622
896,Hamilton Minifie,,9/26/2020,Type A,Group 1,Part 1,$3541850.58,2.31,453
897,Mireielle Cunio,,11/29/2020,Type C,Group 1,Part 2,$6031670.20,34.61,556
898,Margarete Claibourn,,2/10/2020,Type A,Group 3,Part 3,$7064809.54,11.68,848
899,Saundra Wayne,,10/16/2020,Type A,Group 3,Part 3,$5464048.60,48.25,460
900,Leoine Smeuin,,8/3/2020,Type B,Group 1,Part 3,$5919498.27,92.6,969
901,Berkley Carnow,Nunavut,9/21/2020,Type C,Group 2,Part 1,$9177779.60,99.77,261
902,Reba Kinloch,Södermanland,7/7/2020,Type C,Group 1,Part 3,$2084458.68,93.82,673
903,Kora Megson,,8/5/2020,Type C,Group 3,Part 1,$304341.79,88.0,307
904,Sam Voden,,8/25/2020,Type A,Group 1,Part 2,$3480968.18,34.5,437
905,Timothee Kennady,,7/1/2020,Type A,Group 2,Part 1,$6184999.85,19.1,800
906,Livia Ridges,,2/23/2020,Type B,Group 1,Part 3,$5893514.69,52.61,368
907,Amargo Cresar,,2/23/2020,Type B,Group 2,Part 1,$1734200.38,74.08,231
908,Antonia Blazek,,12/15/2020,Type C,Group 3,Part 2,$2567749.96,48.14,523
909,Briana Rolfs,,2/24/2020,Type A,Group 2,Part 2,$787082.18,46.2,458
910,Borg Boothroyd,,5/16/2020,Type C,Group 3,Part 3,$3133825.80,24.11,984
911,Teresita Kurten,Leiria,3/7/2020,Type C,Group 3,Part 1,$1103299.91,47.63,132
912,Olag Ida,,6/24/2020,Type B,Group 3,Part 2,$113828.12,96.59,929
913,Leena Ducker,,3/14/2020,Type B,Group 3,Part 3,$6893437.28,41.11,394
914,Jessika Hulstrom,,2/8/2020,Type B,Group 3,Part 2,$2475407.91,95.87,882
915,Ivy Giraux,,8/6/2020,Type C,Group 3,Part 1,$7883554.29,43.94,626
916,Selena Dikelin,,11/12/2020,Type C,Group 2,Part 2,$1602295.35,13.52,93
917,Kermit Beautyman,,6/17/2020,Type C,Group 1,Part 3,$1853422.38,14.75,769
918,Dominick Snookes,,6/30/2020,Type B,Group 1,Part 2,$6066181.04,41.92,375
919,Boony Santon,Stockholm,3/28/2020,Type B,Group 1,Part 2,$6719702.00,49.09,222
920,Skipper Bembrick,Île-de-France,1/18/2020,Type C,Group 1,Part 2,$1787001.39,75.64,668
921,Fae Liggons,,5/14/2020,Type B,Group 2,Part 1,$2228988.15,51.17,326
922,Sheffy Camocke,,7/12/2020,Type A,Group 1,Part 1,$7306303.48,57.59,674
923,Jeanie Britee,,8/25/2020,Type B,Group 2,Part 1,$5487042.46,72.05,646
924,Anthony Roe,,5/23/2020,Type A,Group 3,Part 1,$432899.79,7.73,464
925,Tobias Austin,,3/15/2020,Type A,Group 1,Part 1,$7490430.69,27.68,916
926,Brunhilde Sigg,,1/16/2020,Type A,Group 1,Part 2,$4471399.52,6.88,582
927,Gram Ernshaw,,10/6/2020,Type C,Group 2,Part 1,$4387895.08,83.79,131
928,Marty Hinsch,,10/8/2020,Type A,Group 3,Part 2,$4042502.67,1.21,142
929,Christi Poston,,8/24/2020,Type B,Group 2,Part 1,$1311144.15,98.95,337
930,Brendon Arnecke,,6/22/2020,Type C,Group 1,Part 1,$7822649.65,77.76,343
931,Merilyn Clitheroe,,11/28/2020,Type A,Group 3,Part 2,$8177617.72,25.11,825
932,Hort Mitton,,6/17/2020,Type C,Group 2,Part 3,$9688314.01,41.7,574
933,Dulcie Scamal,Rhône-Alpes,5/28/2020,Type C,Group 3,Part 2,$4756461.36,62.43,694
934,Fawne Galer,Nord-Pas-de-Calais,3/10/2020,Type B,Group 2,Part 3,$439997.20,86.12,530
935,Freddie Bartolomeo,,6/22/2020,Type B,Group 2,Part 3,$5682366.57,42.86,323
936,York Bodiam,,7/6/2020,Type C,Group 2,Part 2,$8202848.71,72.62,10
937,Wallache Berriman,,11/4/2020,Type B,Group 3,Part 3,$4143882.15,52.85,377
938,Marcelo Kilduff,,3/23/2020,Type B,Group 3,Part 3,$5141460.22,65.73,325
939,Cornela Muldownie,,10/17/2020,Type C,Group 1,Part 1,$696661.27,90.86,281
940,Sven Kenneway,,4/8/2020,Type A,Group 3,Part 3,$8084918.45,14.61,100
941,Gael Szwarc,,11/23/2020,Type A,Group 2,Part 2,$7615802.06,31.0,231
942,Broderick Dorrell,,7/3/2020,Type C,Group 2,Part 2,$3355558.07,28.1,539
943,Charita Rawlins,Halland,2/25/2020,Type A,Group 1,Part 2,$4761414.83,54.29,941
944,Catha Wolffers,Castilla - Leon,11/15/2020,Type C,Group 1,Part 1,$1985093.23,36.8,823
945,Yasmin Purchon,,9/30/2020,Type B,Group 3,Part 3,$906788.85,94.82,174
946,Star Huckle,,10/13/2020,Type B,Group 2,Part 3,$3346519.30,5.47,334
947,Sally Grindrod,,6/12/2020,Type B,Group 3,Part 3,$4680426.12,7.4,820
948,Bil Sycamore,Oaxaca,3/12/2020,Type C,Group 1,Part 2,$4186604.72,15.51,148
949,Michaela Osbiston,,8/11/2020,Type C,Group 1,Part 1,$7952015.24,20.1,394
950,Donn Keal,,12/15/2020,Type B,Group 2,Part 2,$9444508.57,67.68,782
951,Atlanta Stoker,Kentucky,12/10/2020,Type B,Group 1,Part 1,$5151906.07,11.73,185
952,Warde Nisbith,Île-de-France,8/21/2020,Type B,Group 3,Part 3,$666578.43,18.38,98
953,Monte Cornew,,10/13/2020,Type C,Group 1,Part 2,$2510658.11,67.15,216
954,Twila Curgenven,,11/8/2020,Type B,Group 2,Part 1,$8562766.70,27.53,377
955,Chiarra Koeppe,,11/13/2020,Type A,Group 1,Part 2,$5236768.35,74.66,162
956,Larry Bent,,12/22/2020,Type A,Group 3,Part 3,$5871824.41,53.24,115
957,Geri Fewkes,,6/29/2020,Type B,Group 2,Part 1,$1586879.38,60.27,108
958,Ruthe Innwood,Coimbra,9/15/2020,Type A,Group 1,Part 3,$1987151.73,21.01,666
959,Hilly Gorick,,7/27/2020,Type A,Group 3,Part 1,$7847095.39,43.43,781
960,Yolanthe Brotherick,,4/20/2020,Type C,Group 2,Part 3,$6737749.25,32.0,645
961,Peterus Simonetto,,1/27/2020,Type B,Group 2,Part 1,$4168325.90,51.94,829
962,Carlyn Kenwin,,10/12/2020,Type C,Group 1,Part 3,$3271200.12,26.38,469
963,Domini Downing,,3/30/2020,Type A,Group 2,Part 1,$2924444.55,59.4,274
964,Sebastiano Turfin,,11/13/2020,Type B,Group 2,Part 3,$5712598.66,6.98,595
965,Reider Matthensen,,7/21/2020,Type C,Group 2,Part 2,$1644318.88,37.12,139
966,Ty Ilyenko,,9/14/2020,Type B,Group 2,Part 2,$2246260.89,71.73,251
967,Kerby Orcott,,1/11/2020,Type C,Group 3,Part 1,$2987925.65,9.14,398
968,Lisette Parris,,9/11/2020,Type C,Group 2,Part 3,$3851922.07,49.05,585
969,Loydie Peppin,,1/24/2020,Type C,Group 3,Part 1,$2176402.03,51.59,284
970,Beatrisa Searl,,2/9/2020,Type C,Group 2,Part 3,$5713069.07,94.0,910
971,Starlin Cattroll,,9/25/2020,Type A,Group 1,Part 3,$2838929.52,86.02,827
972,Budd Shackesby,,6/2/2020,Type B,Group 3,Part 2,$8336554.55,27.14,291
973,Addie Scotti,,5/14/2020,Type C,Group 3,Part 2,$4940261.48,39.72,284
974,Arnold Huie,,1/5/2020,Type A,Group 3,Part 3,$987584.64,77.53,83
975,Ikey Brand-Hardy,,5/27/2020,Type C,Group 3,Part 3,$357400.09,53.46,592
976,Kamila Quilligan,,12/17/2020,Type C,Group 1,Part 2,$3713575.27,37.17,146
977,Magda Antham,,7/2/2020,Type C,Group 2,Part 3,$5645375.71,38.03,754
978,Quinlan Cassells,,4/24/2020,Type A,Group 3,Part 1,$3208014.89,5.71,759
979,Sayre Syms,Setúbal,11/10/2020,Type B,Group 3,Part 3,$65248.62,49.54,770
980,Calida O'Flannery,,4/22/2020,Type A,Group 2,Part 2,$3128829.77,7.41,122
981,Janine Rodenhurst,,5/3/2020,Type C,Group 3,Part 3,$7433302.83,27.03,18
982,Hermine Danielut,,8/9/2020,Type C,Group 2,Part 2,$5323412.14,90.74,482
983,Ottilie Paolozzi,,1/27/2020,Type B,Group 1,Part 3,$4866281.82,77.0,493
984,Harold Stove,,5/13/2020,Type C,Group 1,Part 3,$3862959.22,28.97,940
985,Marie-ann Trewinnard,,6/1/2020,Type C,Group 3,Part 1,$9227535.31,38.78,206
986,Bernie Gerriet,,5/16/2020,Type B,Group 2,Part 1,$7299551.72,30.15,644
987,Shayla Halt,,12/5/2020,Type C,Group 3,Part 3,$3166710.17,12.71,316
988,Bert Collinge,Nordrhein-Westfalen,1/31/2020,Type C,Group 2,Part 1,$6805035.83,38.95,999
989,Carlye Hoodspeth,,5/22/2020,Type A,Group 3,Part 1,$4926867.99,38.72,852
990,Joseph Beecroft,,8/26/2020,Type C,Group 2,Part 2,$3174257.74,5.25,153
991,Adolphus Jaffray,,3/15/2020,Type A,Group 1,Part 2,$2171073.72,94.97,51
992,Corenda Bosden,Telemark,11/1/2020,Type C,Group 3,Part 2,$8431603.39,70.41,346
993,Woodrow Gosselin,,4/13/2020,Type A,Group 3,Part 2,$1731451.76,86.45,678
994,Barbara-anne Taylor,,11/12/2020,Type B,Group 3,Part 1,$1103517.06,27.78,458
995,Mair Joule,,8/28/2020,Type B,Group 1,Part 3,$8165749.80,27.75,769
996,Gayel Ortes,,7/14/2020,Type C,Group 3,Part 3,$5773146.81,16.34,494
997,Nada Wogden,,7/27/2020,Type B,Group 1,Part 1,$3789652.49,69.15,450
998,Noah Bergin,,4/9/2020,Type B,Group 2,Part 1,$729924.21,44.25,185
999,Kaile Samuels,Pennsylvania,10/1/2020,Type A,Group 3,Part 2,$6938838.34,44.02,834
1000,Dorolice McShea,,4/19/2020,Type B,Group 1,Part 2,$6325950.46,75.97,176
